
<record xmlns="http://www.loc.gov/MARC21/slim/"
xmlns:xsi="http://www.w3.org/2001/XMLSchema-instance"
xsi:schemaLocation="http://www.loc.gov/MARC21/slim
http://www.loc.gov/standards/marcxml/schema/MARC21slim.xsd">

<controlfield tag="008">120629d1621    sp      r     000 0 spa d</controlfield>
<datafield tag="FFT" ind1=" " ind2=" ">
<subfield code="a">http://biblos.unizar.es/zaguan/METS_MIGUEL/D_32_116_2/METS_carga_D_32_116_2.xml</subfield>
<subfield code="d">Fichero METS</subfield>
</datafield>
<datafield tag="FFT" ind1=" " ind2=" ">
<subfield code="a">http://biblos.unizar.es/zaguan/PDFS/D_32_116_2.pdf</subfield>
<subfield code="d">Texto completo (PDF)</subfield>
<subfield code="x">http://biblos.unizar.es/zaguan/thumbnails_miguel/D_32_116_2.jpg</subfield>
</datafield>
<datafield tag="037" ind1=" " ind2=" ">
<subfield code="a">D_32_116_2</subfield>
</datafield>
<datafield tag="040" ind1=" " ind2=" ">
<subfield code="a">UZ.GRL</subfield>
</datafield>
<datafield tag="080" ind1=" " ind2=" ">
<subfield code="a">252.9(460)"16"</subfield>
</datafield>
<datafield tag="080" ind1=" " ind2=" ">
<subfield code="a">929Felipe II, Rey de España</subfield>
</datafield>
<datafield tag="100" ind1="1" ind2=" ">
<subfield code="a">Aldovera y Monsalve, Jerónimo de</subfield>
<subfield code="c">(O.S.A.)</subfield>
</datafield>
<datafield tag="245" ind1="1" ind2="0">
<subfield code="a">Sermon a las honras que hizo la Ciudad de Çaragoça, por la muerte de la Catholica Magestad ... Don Felipe II ... en los Reynos de Aragon /</subfield>
<subfield code="c">por ... F. Geronimo de Aldouera y Monsalue ... de la Orden de S. Agustin.</subfield>
</datafield>
<datafield tag="260" ind1=" " ind2=" ">
<subfield code="a">En Çaragoça [Zaragoza] :</subfield>
<subfield code="b">Por Iuan de Lanaja y Quartanet ...,</subfield>
<subfield code="c">Año M.DC.XXI [1621]</subfield>
</datafield>
<datafield tag="300" ind1=" " ind2=" ">
<subfield code="a">70 p. ;</subfield>
<subfield code="c">8º (19 cm)</subfield>
</datafield>
<datafield tag="500" ind1=" " ind2=" ">
<subfield code="a">Texto con apostillas marginales.</subfield>
</datafield>
<datafield tag="500" ind1=" " ind2=" ">
<subfield code="a">Datos de impresión tomados del colofón.</subfield>
</datafield>
<datafield tag="500" ind1=" " ind2=" ">
<subfield code="a">Texto enmarcado en todas las páginas.</subfield>
</datafield>
<datafield tag="506" ind1=" " ind2=" ">
<subfield code="a">Access copy available to the general public</subfield>
<subfield code="f">Unrestricted</subfield>
</datafield>
<datafield tag="510" ind1="4" ind2=" ">
<subfield code="a">Simón Díaz. Bib. Lit. Hispánica, 5, 601; Latassa I-41; Palau 6388.</subfield>
</datafield>
<datafield tag="540" ind1=" " ind2=" ">
<subfield code="a">by-nc-nd</subfield>
<subfield code="u">http://creativecommons.org/licenses/by-nc-nd/3.0/es/</subfield>
<subfield code="9">info:eu-repo/semantics/openAccess</subfield>
</datafield>
<datafield tag="597" ind1=" " ind2=" ">
<subfield code="a">Sign.: A-I4.</subfield>
</datafield>
<datafield tag="600" ind1="0" ind2="4">
<subfield code="a">Felipe</subfield>
<subfield code="b">II,</subfield>
<subfield code="c">Rey de España</subfield>
<subfield code="x">Sermones fúnebres.</subfield>
</datafield>
<datafield tag="650" ind1="0" ind2="4">
<subfield code="a">Sermones para funerales</subfield>
<subfield code="y">S. XVII.</subfield>
<subfield code="z">España</subfield>
</datafield>
<datafield tag="700" ind1="1" ind2=" ">
<subfield code="a">Lanaja Quartanet, Juan de,</subfield>
<subfield code="e">imp.</subfield>
</datafield>
<datafield tag="752" ind1=" " ind2=" ">
<subfield code="a">España</subfield>
<subfield code="b">Aragón</subfield>
<subfield code="d">Zaragoza.</subfield>
</datafield>
<datafield tag="856" ind1="4" ind2="1">
<subfield code="u">https://zaguan.unizar.es/record/80001?ln=es</subfield>
<subfield code="z">Texto completo</subfield>
</datafield>
<datafield tag="907" ind1=" " ind2=" ">
<subfield code="a">.b16409693</subfield>
<subfield code="b">26-08-20</subfield>
<subfield code="c">29-06-12</subfield>
</datafield>
<datafield tag="945" ind1=" " ind2=" ">
<subfield code="a">D-32-116 (2)</subfield>
<subfield code="g">1</subfield>
<subfield code="l">100an</subfield>
<subfield code="n">DIGITALIZACION 2020 facticio. Digitalización duplicada con ej. CAJ 24-559ar</subfield>
<subfield code="o">d</subfield>
<subfield code="p">&amp;#x20ac;0.00</subfield>
<subfield code="q">-</subfield>
<subfield code="r">f</subfield>
<subfield code="s">-</subfield>
<subfield code="t">20</subfield>
<subfield code="u">0</subfield>
<subfield code="v">0</subfield>
<subfield code="w">0</subfield>
<subfield code="x">0</subfield>
<subfield code="y">.i22735732</subfield>
<subfield code="z">06-08-20</subfield>
</datafield>
<datafield tag="970" ind1=" " ind2=" ">
<subfield code="a">CCPB000032336-5</subfield>
</datafield>
<datafield tag="980" ind1=" " ind2=" ">
<subfield code="a">FH</subfield>
<subfield code="b">fondos</subfield>
</datafield>
<datafield tag="998" ind1=" " ind2=" ">
<subfield code="a">100</subfield>
<subfield code="b">29-06-12</subfield>
<subfield code="c">m</subfield>
<subfield code="d">a</subfield>
<subfield code="e">a</subfield>
<subfield code="f">spa</subfield>
<subfield code="g">sp</subfield>
<subfield code="h">0</subfield>
<subfield code="i">0</subfield>
</datafield>
</record>