
<record xmlns="http://www.loc.gov/MARC21/slim/"
xmlns:xsi="http://www.w3.org/2001/XMLSchema-instance"
xsi:schemaLocation="http://www.loc.gov/MARC21/slim
http://www.loc.gov/standards/marcxml/schema/MARC21slim.xsd">

<controlfield tag="008">200821s1619    sp      r     ||| | spa d</controlfield>
<datafield tag="FFT" ind1=" " ind2=" ">
<subfield code="a">http://biblos.unizar.es/zaguan/METS_MIGUEL/D_32_96_9/METS_carga_D_32_96_9.xml</subfield>
<subfield code="d">Fichero METS</subfield>
</datafield>
<datafield tag="FFT" ind1=" " ind2=" ">
<subfield code="a">http://biblos.unizar.es/zaguan/PDFS/D_32_96_9.pdf</subfield>
<subfield code="d">Texto completo (PDF)</subfield>
<subfield code="x">http://biblos.unizar.es/zaguan/thumbnails_miguel/D_32_96_9.jpg</subfield>
</datafield>
<datafield tag="037" ind1=" " ind2=" ">
<subfield code="a">D_32_96_9</subfield>
</datafield>
<datafield tag="040" ind1=" " ind2=" ">
<subfield code="a">CCPB-B</subfield>
<subfield code="b">spa</subfield>
<subfield code="c">CCPB-B</subfield>
<subfield code="d">ES-ZaU</subfield>
<subfield code="e">rdc</subfield>
</datafield>
<datafield tag="110" ind1="2" ind2=" ">
<subfield code="a">Dominicos.</subfield>
<subfield code="b">Capítulo General (</subfield>
<subfield code="c">Lisboa)</subfield>
<subfield code="d">1618.</subfield>
</datafield>
<datafield tag="245" ind1="1" ind2="0">
<subfield code="a">Acta capituli generalis. Vlyssiponae in Conventu S. Dominici Ordinis Praedicatorum celebrati.in festo S. Pentecostes 3. iunii Anno Domini M.DC.XVIII.</subfield>
</datafield>
<datafield tag="260" ind1=" " ind2=" ">
<subfield code="a">Hispali :</subfield>
<subfield code="b">apud Franciscum de Lyra,</subfield>
<subfield code="c">1619.</subfield>
</datafield>
<datafield tag="300" ind1=" " ind2=" ">
<subfield code="a">[3], 22 h. ;</subfield>
<subfield code="c">4º.</subfield>
</datafield>
<datafield tag="506" ind1=" " ind2=" ">
<subfield code="a">Access copy available to the general public</subfield>
<subfield code="f">Unrestricted</subfield>
</datafield>
<datafield tag="540" ind1=" " ind2=" ">
<subfield code="a">by-nc-nd</subfield>
<subfield code="u">http://creativecommons.org/licenses/by-nc-nd/3.0/es/</subfield>
<subfield code="9">info:eu-repo/semantics/openAccess</subfield>
</datafield>
<datafield tag="594" ind1=" " ind2=" ">
<subfield code="a">Se ha mantenido la puntuación original.</subfield>
</datafield>
<datafield tag="597" ind1=" " ind2=" ">
<subfield code="a">Sign.: []\p3\s, A-E\p4\s, F\p2\s.</subfield>
</datafield>
<datafield tag="610" ind1="2" ind2="4">
<subfield code="a">Dominicos</subfield>
<subfield code="v">Fuentes.</subfield>
<subfield code="x">Historia</subfield>
<subfield code="z">Portigal</subfield>
</datafield>
<datafield tag="700" ind1="1" ind2=" ">
<subfield code="a">Lyra, Francisco de,</subfield>
<subfield code="e">imp.</subfield>
</datafield>
<datafield tag="752" ind1=" " ind2=" ">
<subfield code="a">España</subfield>
<subfield code="d">Sevilla.</subfield>
</datafield>
<datafield tag="907" ind1=" " ind2=" ">
<subfield code="a">.b18768246</subfield>
<subfield code="b">26-08-20</subfield>
<subfield code="c">06-09-17</subfield>
</datafield>
<datafield tag="927" ind1="1" ind2=" ">
<subfield code="a">100</subfield>
<subfield code="b">pm</subfield>
<subfield code="d">200821</subfield>
</datafield>
<datafield tag="945" ind1=" " ind2=" ">
<subfield code="a">D-32-96 (9)</subfield>
<subfield code="g">1</subfield>
<subfield code="l">100an</subfield>
<subfield code="n">DIGITALIZACION 2020 facticio</subfield>
<subfield code="o">d</subfield>
<subfield code="p">&amp;#x20ac;0.00</subfield>
<subfield code="q">-</subfield>
<subfield code="r">f</subfield>
<subfield code="s">-</subfield>
<subfield code="t">20</subfield>
<subfield code="u">0</subfield>
<subfield code="v">0</subfield>
<subfield code="w">0</subfield>
<subfield code="x">0</subfield>
<subfield code="y">.i22746523</subfield>
<subfield code="z">21-08-20</subfield>
</datafield>
<datafield tag="970" ind1=" " ind2=" ">
<subfield code="a">CCPB000425463-5</subfield>
</datafield>
<datafield tag="980" ind1=" " ind2=" ">
<subfield code="a">FH</subfield>
<subfield code="b">fondos</subfield>
</datafield>
<datafield tag="998" ind1=" " ind2=" ">
<subfield code="a">100</subfield>
<subfield code="b">21-08-20</subfield>
<subfield code="c">m</subfield>
<subfield code="d">a</subfield>
<subfield code="e">a</subfield>
<subfield code="f">spa</subfield>
<subfield code="g">sp</subfield>
<subfield code="h">0</subfield>
<subfield code="i">0</subfield>
</datafield>
</record>