
<record xmlns="http://www.loc.gov/MARC21/slim/"
xmlns:xsi="http://www.w3.org/2001/XMLSchema-instance"
xsi:schemaLocation="http://www.loc.gov/MARC21/slim
http://www.loc.gov/standards/marcxml/schema/MARC21slim.xsd">

<controlfield tag="008">150210s1680    sp ac   r     000 | spa</controlfield>
<datafield tag="FFT" ind1=" " ind2=" ">
<subfield code="a">http://biblos.unizar.es/zaguan/METS_MIGUEL/78_49/METS_carga_78_49.xml</subfield>
<subfield code="d">Fichero METS</subfield>
</datafield>
<datafield tag="FFT" ind1=" " ind2=" ">
<subfield code="a">http://biblos.unizar.es/zaguan/PDFS/78_49.pdf</subfield>
<subfield code="d">Texto completo (PDF)</subfield>
<subfield code="x">http://biblos.unizar.es/zaguan/thumbnails_miguel/78_49.jpg</subfield>
</datafield>
<datafield tag="037" ind1=" " ind2=" ">
<subfield code="a">78_49</subfield>
</datafield>
<datafield tag="040" ind1=" " ind2=" ">
<subfield code="a">SpMaUCVE</subfield>
<subfield code="d">ES-ZaU</subfield>
</datafield>
<datafield tag="080" ind1=" " ind2=" ">
<subfield code="a">617</subfield>
</datafield>
<datafield tag="100" ind1="1" ind2=" ">
<subfield code="a">Ramirez de Arellano y Almansa, Juan Bautista.</subfield>
</datafield>
<datafield tag="245" ind1="1" ind2="0">
<subfield code="a">Cirugia, ciencia y methodo racional :</subfield>
<subfield code="b">teorica y practica de las curaciones en el cuerpo humano ... con el tratado de pronosticos, medicamentos, morbogalico, y observaciones ..., el tratado de las heridas penetrantes de pecho ... /</subfield>
<subfield code="c">por ... Iuan Bautista Ramirez de Arellano y Almansa ...</subfield>
</datafield>
<datafield tag="260" ind1=" " ind2=" ">
<subfield code="a">En Madrid :</subfield>
<subfield code="b">por Antonio Gonçalez de Reyes :</subfield>
<subfield code="b">a costa de Iuan de Triuiño... vendese en su casa...,</subfield>
<subfield code="c">1680.</subfield>
</datafield>
<datafield tag="300" ind1=" " ind2=" ">
<subfield code="a">[32], 187 p. ;</subfield>
<subfield code="c">4º</subfield>
</datafield>
<datafield tag="506" ind1=" " ind2=" ">
<subfield code="a">Access copy available to the general public</subfield>
<subfield code="f">Unrestricted</subfield>
</datafield>
<datafield tag="540" ind1=" " ind2=" ">
<subfield code="a">by-nc-nd</subfield>
<subfield code="u">http://creativecommons.org/licenses/by-nc-nd/3.0/es/</subfield>
<subfield code="9">info:eu-repo/semantics/openAccess</subfield>
</datafield>
<datafield tag="545" ind1=" " ind2=" ">
<subfield code="a">El ed. figura detrás de la fecha en port.</subfield>
</datafield>
<datafield tag="597" ind1=" " ind2=" ">
<subfield code="a">Sign. : œ8, 8, A-D4, E-N8, O4, P2.</subfield>
</datafield>
<datafield tag="597" ind1=" " ind2=" ">
<subfield code="a">Portada con orla tipográfica.</subfield>
</datafield>
<datafield tag="650" ind1="0" ind2="4">
<subfield code="a">Cirugía</subfield>
<subfield code="v">Obras anteriores a 1800.</subfield>
</datafield>
<datafield tag="700" ind1="1" ind2=" ">
<subfield code="a">Treviño, Juan de,</subfield>
<subfield code="e">ed.</subfield>
</datafield>
<datafield tag="700" ind1="1" ind2=" ">
<subfield code="a">González de Reyes, Antonio,</subfield>
<subfield code="e">imp.</subfield>
</datafield>
<datafield tag="752" ind1=" " ind2=" ">
<subfield code="a">España</subfield>
<subfield code="d">Madrid.</subfield>
</datafield>
<datafield tag="856" ind1="4" ind2="1">
<subfield code="u">http://alfama.sim.ucm.es/dioscorides/consulta_libro_b.asp?ref=x532976931</subfield>
<subfield code="z">ver ejemplar de la UCM</subfield>
</datafield>
<datafield tag="907" ind1=" " ind2=" ">
<subfield code="a">.b17114305</subfield>
<subfield code="b">14-05-19</subfield>
<subfield code="c">10-02-15</subfield>
</datafield>
<datafield tag="945" ind1=" " ind2=" ">
<subfield code="a">78-49</subfield>
<subfield code="g">0</subfield>
<subfield code="l">100an</subfield>
<subfield code="n">DIGITALIZACION 2020 facticio</subfield>
<subfield code="o">u</subfield>
<subfield code="p">&amp;#x20ac;0.00</subfield>
<subfield code="q">-</subfield>
<subfield code="r">f</subfield>
<subfield code="s">-</subfield>
<subfield code="t">20</subfield>
<subfield code="u">0</subfield>
<subfield code="v">0</subfield>
<subfield code="w">0</subfield>
<subfield code="x">0</subfield>
<subfield code="y">.i21027651</subfield>
<subfield code="z">10-02-15</subfield>
</datafield>
<datafield tag="970" ind1=" " ind2=" ">
<subfield code="a">CCPB000037306-0</subfield>
</datafield>
<datafield tag="980" ind1=" " ind2=" ">
<subfield code="a">FH</subfield>
<subfield code="b">fondos</subfield>
</datafield>
<datafield tag="998" ind1=" " ind2=" ">
<subfield code="a">100</subfield>
<subfield code="b">10-02-15</subfield>
<subfield code="c">m</subfield>
<subfield code="d">a</subfield>
<subfield code="e">a</subfield>
<subfield code="f">spa</subfield>
<subfield code="g">sp</subfield>
<subfield code="h">0</subfield>
<subfield code="i">0</subfield>
</datafield>
</record>