
<record xmlns="http://www.loc.gov/MARC21/slim/"
xmlns:xsi="http://www.w3.org/2001/XMLSchema-instance"
xsi:schemaLocation="http://www.loc.gov/MARC21/slim
http://www.loc.gov/standards/marcxml/schema/MARC21slim.xsd">

<controlfield tag="008">981007s1681    sp      r     ||| | lat d</controlfield>
<datafield tag="FFT" ind1=" " ind2=" ">
<subfield code="a">http://biblos.unizar.es/zaguan/METS_MIGUEL/D_21_1_1/METS_carga_D_21_1_1.xml</subfield>
<subfield code="d">Fichero METS</subfield>
</datafield>
<datafield tag="FFT" ind1=" " ind2=" ">
<subfield code="a">http://biblos.unizar.es/zaguan/PDFS/D_21_1_1.pdf</subfield>
<subfield code="d">Texto completo (PDF)</subfield>
<subfield code="x">http://biblos.unizar.es/zaguan/thumbnails_miguel/D_21_1_1.jpg</subfield>
</datafield>
<datafield tag="037" ind1=" " ind2=" ">
<subfield code="a">D_21_1_1</subfield>
</datafield>
<datafield tag="040" ind1=" " ind2=" ">
<subfield code="a">AR</subfield>
<subfield code="b">spa</subfield>
<subfield code="c">AR</subfield>
<subfield code="d">ES-ZaU</subfield>
</datafield>
<datafield tag="100" ind1="1" ind2=" ">
<subfield code="a">Montemayor y Córdoba de Cuenca, Juan Francisco de,</subfield>
<subfield code="d">1618-1685.</subfield>
</datafield>
<datafield tag="245" ind1="1" ind2="0">
<subfield code="a">Don Ioannis Francisci de Cuenca Ad comandae, sive Depositi instrumentum, scholium /</subfield>
<subfield code="c">accedunt additiones D. Iosephi de Niño, &amp; Analyseos ipsius (in fine operis) ad Chyrographum mercatoris, cum additionibus D. Ioannis Francisci de Cuenca.</subfield>
</datafield>
<datafield tag="260" ind1=" " ind2=" ">
<subfield code="a">Caesaraugustae :</subfield>
<subfield code="b">apud Paschasium Bueno,</subfield>
<subfield code="c">1681.</subfield>
</datafield>
<datafield tag="300" ind1=" " ind2=" ">
<subfield code="a">[4], 346 [i.e.348], [26] p. ;</subfield>
<subfield code="c">Fol.</subfield>
</datafield>
<datafield tag="506" ind1=" " ind2=" ">
<subfield code="a">Access copy available to the general public</subfield>
<subfield code="f">Unrestricted</subfield>
</datafield>
<datafield tag="540" ind1=" " ind2=" ">
<subfield code="a">by-nc-nd</subfield>
<subfield code="u">http://creativecommons.org/licenses/by-nc-nd/3.0/es/</subfield>
<subfield code="9">info:eu-repo/semantics/openAccess</subfield>
</datafield>
<datafield tag="597" ind1=" " ind2=" ">
<subfield code="a">Sign. : [ ]\p2\s, A-T\p6\s, V\p8\s, X-Z\p6\s, 2A-2F\p6\s, 2G-2S\p2\s.</subfield>
</datafield>
<datafield tag="597" ind1=" " ind2=" ">
<subfield code="a">Error de pag. : la p.231 repetida tres veces.</subfield>
</datafield>
<datafield tag="700" ind1="1" ind2=" ">
<subfield code="a">Bueno, Pascual,</subfield>
<subfield code="d">fl. 1678-1725,</subfield>
<subfield code="e">imp.</subfield>
</datafield>
<datafield tag="700" ind1="1" ind2=" ">
<subfield code="a">Berné y Cebrián, Rosa,</subfield>
<subfield code="e">ant. pos.</subfield>
</datafield>
<datafield tag="752" ind1=" " ind2=" ">
<subfield code="a">España</subfield>
<subfield code="b">Aragón</subfield>
<subfield code="d">Zaragoza.</subfield>
</datafield>
<datafield tag="907" ind1=" " ind2=" ">
<subfield code="a">.b18572194</subfield>
<subfield code="b">26-08-20</subfield>
<subfield code="c">26-06-17</subfield>
</datafield>
<datafield tag="927" ind1="1" ind2=" ">
<subfield code="a">100</subfield>
<subfield code="b">jm</subfield>
<subfield code="d">180118</subfield>
</datafield>
<datafield tag="945" ind1=" " ind2=" ">
<subfield code="a">D-21-1(1)</subfield>
<subfield code="g">0</subfield>
<subfield code="l">100an</subfield>
<subfield code="n">DIGITALIZACION 2020 facticio</subfield>
<subfield code="n">Valioso. Es segunda edición.</subfield>
<subfield code="o">u</subfield>
<subfield code="p">&amp;#x20ac;0.00</subfield>
<subfield code="q">-</subfield>
<subfield code="r">f</subfield>
<subfield code="s">-</subfield>
<subfield code="t">20</subfield>
<subfield code="u">0</subfield>
<subfield code="v">0</subfield>
<subfield code="w">0</subfield>
<subfield code="x">0</subfield>
<subfield code="y">.i21919641</subfield>
<subfield code="z">26-06-17</subfield>
</datafield>
<datafield tag="970" ind1=" " ind2=" ">
<subfield code="a">CCPB000268663-5</subfield>
</datafield>
<datafield tag="980" ind1=" " ind2=" ">
<subfield code="a">FH</subfield>
<subfield code="b">fondos</subfield>
</datafield>
<datafield tag="998" ind1=" " ind2=" ">
<subfield code="a">100</subfield>
<subfield code="b">26-06-17</subfield>
<subfield code="c">m</subfield>
<subfield code="d">a</subfield>
<subfield code="e">a</subfield>
<subfield code="f">lat</subfield>
<subfield code="g">sp</subfield>
<subfield code="h">0</subfield>
<subfield code="i">1</subfield>
</datafield>
</record>