
<record xmlns="http://www.loc.gov/MARC21/slim/"
xmlns:xsi="http://www.w3.org/2001/XMLSchema-instance"
xsi:schemaLocation="http://www.loc.gov/MARC21/slim
http://www.loc.gov/standards/marcxml/schema/MARC21slim.xsd">

<controlfield tag="008">200821s1904    sp                  spa</controlfield>
<datafield tag="FFT" ind1=" " ind2=" ">
<subfield code="a">http://biblos.unizar.es/zaguan/METS_MIGUEL/D_67_83/METS_carga_D_67_83.xml</subfield>
<subfield code="d">Fichero METS</subfield>
</datafield>
<datafield tag="FFT" ind1=" " ind2=" ">
<subfield code="a">http://biblos.unizar.es/zaguan/PDFS/D_67_83.pdf</subfield>
<subfield code="d">Texto completo (PDF)</subfield>
<subfield code="x">http://biblos.unizar.es/zaguan/thumbnails_miguel/D_67_83.jpg</subfield>
</datafield>
<datafield tag="037" ind1=" " ind2=" ">
<subfield code="a">D_67_83</subfield>
</datafield>
<datafield tag="040" ind1=" " ind2=" ">
<subfield code="a">SpMaBN</subfield>
<subfield code="b">spa</subfield>
<subfield code="c">CDM</subfield>
<subfield code="d">ES-ZaU</subfield>
</datafield>
<datafield tag="080" ind1=" " ind2=" ">
<subfield code="a">860-31"19"</subfield>
</datafield>
<datafield tag="100" ind1="1" ind2=" ">
<subfield code="a">Pamplona Escudero, Rafael,</subfield>
<subfield code="d">1865-1928.</subfield>
</datafield>
<datafield tag="245" ind1="1" ind2="0">
<subfield code="a">Cuartel de inválidos /</subfield>
<subfield code="c">Rafael Pamplona Escudero.</subfield>
</datafield>
<datafield tag="260" ind1=" " ind2=" ">
<subfield code="a">Barcelona:</subfield>
<subfield code="b">Impr. de Heinrich y Cª Editores,</subfield>
<subfield code="c">1904.</subfield>
</datafield>
<datafield tag="300" ind1=" " ind2=" ">
<subfield code="a">287 p.;</subfield>
<subfield code="c">20 cm.</subfield>
</datafield>
<datafield tag="506" ind1=" " ind2=" ">
<subfield code="a">Access copy available to the general public</subfield>
<subfield code="f">Unrestricted</subfield>
</datafield>
<datafield tag="540" ind1=" " ind2=" ">
<subfield code="a">by-nc-nd</subfield>
<subfield code="u">http://creativecommons.org/licenses/by-nc-nd/3.0/es/</subfield>
<subfield code="9">info:eu-repo/semantics/openAccess</subfield>
</datafield>
<datafield tag="599" ind1=" " ind2=" ">
<subfield code="a">Con el retrato del autor.</subfield>
</datafield>
<datafield tag="830" ind1=" " ind2="0">
<subfield code="a">Biblioteca de novelistas del siglo XX</subfield>
<subfield code="v">[10]</subfield>
</datafield>
<datafield tag="907" ind1=" " ind2=" ">
<subfield code="a">.b20384877</subfield>
<subfield code="b">26-08-20</subfield>
<subfield code="c">21-08-20</subfield>
</datafield>
<datafield tag="927" ind1="1" ind2=" ">
<subfield code="a">100</subfield>
<subfield code="b">pm</subfield>
<subfield code="d">200821</subfield>
</datafield>
<datafield tag="945" ind1=" " ind2=" ">
<subfield code="a">D-67-83</subfield>
<subfield code="g">1</subfield>
<subfield code="l">100d</subfield>
<subfield code="n">DIGITALIZACION 2020</subfield>
<subfield code="o">d</subfield>
<subfield code="p">&amp;#x20ac;0.00</subfield>
<subfield code="r">c</subfield>
<subfield code="s">-</subfield>
<subfield code="t">11</subfield>
<subfield code="u">0</subfield>
<subfield code="v">0</subfield>
<subfield code="w">0</subfield>
<subfield code="x">0</subfield>
<subfield code="y">.i22746456</subfield>
<subfield code="z">21-08-20</subfield>
</datafield>
<datafield tag="970" ind1=" " ind2=" ">
<subfield code="a">Mimo0002197979</subfield>
</datafield>
<datafield tag="980" ind1=" " ind2=" ">
<subfield code="a">FH</subfield>
<subfield code="b">fondos-xx</subfield>
</datafield>
<datafield tag="998" ind1=" " ind2=" ">
<subfield code="a">100</subfield>
<subfield code="b">21-08-20</subfield>
<subfield code="c">m</subfield>
<subfield code="d">a</subfield>
<subfield code="e">-</subfield>
<subfield code="f">spa</subfield>
<subfield code="g">sp</subfield>
<subfield code="h">0</subfield>
<subfield code="i">0</subfield>
</datafield>
</record>