
<record xmlns="http://www.loc.gov/MARC21/slim/"
xmlns:xsi="http://www.w3.org/2001/XMLSchema-instance"
xsi:schemaLocation="http://www.loc.gov/MARC21/slim
http://www.loc.gov/standards/marcxml/schema/MARC21slim.xsd">

<controlfield tag="008">070213d16851704sp wr p r     0   b spa d</controlfield>
<datafield tag="FFT" ind1=" " ind2=" ">
<subfield code="a">http://biblos.unizar.es/zaguan/METS_MIGUEL/G_159_19_1/METS_carga_G_159_19_1.xml</subfield>
<subfield code="d">Fichero METS</subfield>
</datafield>
<datafield tag="FFT" ind1=" " ind2=" ">
<subfield code="a">http://biblos.unizar.es/zaguan/PDFS/G_159_19_1.pdf</subfield>
<subfield code="d">Texto completo (PDF)</subfield>
<subfield code="x">http://biblos.unizar.es/zaguan/thumbnails_miguel/G_159_19_1.jpg</subfield>
</datafield>
<datafield tag="022" ind1=" " ind2=" ">
<subfield code="a">2479-6220</subfield>
</datafield>
<datafield tag="037" ind1=" " ind2=" ">
<subfield code="a">G_159_19_1</subfield>
</datafield>
<datafield tag="040" ind1=" " ind2=" ">
<subfield code="a">UZ.GRL</subfield>
</datafield>
<datafield tag="080" ind1=" " ind2=" ">
<subfield code="a">94"16"(051)</subfield>
</datafield>
<datafield tag="080" ind1=" " ind2=" ">
<subfield code="a">(051)94"16"</subfield>
</datafield>
<datafield tag="080" ind1=" " ind2=" ">
<subfield code="a">05"16"(051)</subfield>
</datafield>
<datafield tag="080" ind1=" " ind2=" ">
<subfield code="a">(051)05"16"</subfield>
</datafield>
<datafield tag="222" ind1=" " ind2="0">
<subfield code="a">Noticias generales de Europa venidas a Zaragoza por el Correo de Flandes.</subfield>
</datafield>
<datafield tag="245" ind1="0" ind2="0">
<subfield code="a">Noticias generales de Europa venidas a Zaragoça por el correo de Flandes ...</subfield>
</datafield>
<datafield tag="246" ind1="1" ind2="3">
<subfield code="a">Noticias generales de Europa, con las particulares del rendimiento de Maguncia y Bona, confirmación y porosecución de la batalla de los imperiales contra turcos y victoria de las armas de su magestad en Flandes, venidas por el correo de allá a Zaragoza.</subfield>
</datafield>
<datafield tag="246" ind1="1" ind2="3">
<subfield code="a">Noticias generales de Europa venidas a Zaragoza por el correo de Flandes y por el de Italia.</subfield>
</datafield>
<datafield tag="246" ind1="1" ind2="3">
<subfield code="a">Noticias generales de Europa, venidas por el correo de allá a Zaragoza.</subfield>
</datafield>
<datafield tag="260" ind1=" " ind2=" ">
<subfield code="a">[Zaragoza] :</subfield>
<subfield code="b">[s.n.],</subfield>
<subfield code="c">[1685-[1704?]</subfield>
</datafield>
<datafield tag="300" ind1=" " ind2=" ">
<subfield code="a">v. ;</subfield>
<subfield code="c">23 cm.</subfield>
</datafield>
<datafield tag="310" ind1=" " ind2=" ">
<subfield code="a">Semanal.</subfield>
</datafield>
<datafield tag="362" ind1="0" ind2=" ">
<subfield code="a">[1685-1704?]</subfield>
</datafield>
<datafield tag="500" ind1=" " ind2=" ">
<subfield code="a">Variaciones tít. en 1689: ... por el Correo de Italia", y: "... por el Correo de Italia el dia... y por el de Flandes el día...", y: "... por los Correos de Flandes e Italia"</subfield>
</datafield>
<datafield tag="505" ind1="2" ind2=" ">
<subfield code="a">51 ejemplares de 1688 con p. numeradas 403-634 y 52 ejemplares de 1689 con p. numeradas 1-216.</subfield>
</datafield>
<datafield tag="506" ind1=" " ind2=" ">
<subfield code="a">Access copy available to the general public</subfield>
<subfield code="f">Unrestricted</subfield>
</datafield>
<datafield tag="540" ind1=" " ind2=" ">
<subfield code="a">by-nc-nd</subfield>
<subfield code="u">http://creativecommons.org/licenses/by-nc-nd/3.0/es/</subfield>
<subfield code="9">info:eu-repo/semantics/openAccess</subfield>
</datafield>
<datafield tag="650" ind1="0" ind2="4">
<subfield code="a">Información general</subfield>
<subfield code="v">Publicaciones periódicas.</subfield>
<subfield code="y">S. XVII</subfield>
</datafield>
<datafield tag="651" ind1=" " ind2="4">
<subfield code="a">Europa</subfield>
<subfield code="v">Publicaciones periódicas.</subfield>
<subfield code="x">Historia</subfield>
<subfield code="y">S. XVII</subfield>
</datafield>
<datafield tag="856" ind1="4" ind2="1">
<subfield code="a">http://fama.us.es</subfield>
<subfield code="u">https://fama.us.es/discovery/search?query=any,contains,NOTICIAS%20GENERALES%20DE%20EUROPA,%20VENIDAS%20A%20ZARAGO%C3%87A%20POR%20EL%20CORREO%20DE%20FLANDES...&amp;tab=LibrariesSearch&amp;search_scope=all_libraries_profile&amp;vid=34CBUA_US:VU1&amp;lang=es&amp;offset=0-</subfield>
<subfield code="z">Texto completo de 55 ejemplares de 1686-1690</subfield>
</datafield>
<datafield tag="907" ind1=" " ind2=" ">
<subfield code="a">.b14834960</subfield>
<subfield code="b">27-08-20</subfield>
<subfield code="c">13-02-07</subfield>
</datafield>
<datafield tag="945" ind1=" " ind2=" ">
<subfield code="a">G-159-19 (1)</subfield>
<subfield code="c">1688-1689</subfield>
<subfield code="g">1</subfield>
<subfield code="l">100an</subfield>
<subfield code="n">DIGITALIZACION 2020</subfield>
<subfield code="o">d</subfield>
<subfield code="p">&amp;#x20ac;0.00</subfield>
<subfield code="q">-</subfield>
<subfield code="r">f</subfield>
<subfield code="s">-</subfield>
<subfield code="t">20</subfield>
<subfield code="u">0</subfield>
<subfield code="v">0</subfield>
<subfield code="w">0</subfield>
<subfield code="x">0</subfield>
<subfield code="y">.i22749524</subfield>
<subfield code="z">26-08-20</subfield>
</datafield>
<datafield tag="970" ind1=" " ind2=" ">
<subfield code="a">G_159_19_1</subfield>
</datafield>
<datafield tag="980" ind1=" " ind2=" ">
<subfield code="a">FH</subfield>
<subfield code="b">fondos</subfield>
</datafield>
<datafield tag="998" ind1=" " ind2=" ">
<subfield code="a">100</subfield>
<subfield code="b">13-02-07</subfield>
<subfield code="c">s</subfield>
<subfield code="d">a</subfield>
<subfield code="e">-</subfield>
<subfield code="f">spa</subfield>
<subfield code="g">sp</subfield>
<subfield code="h">0</subfield>
<subfield code="i">0</subfield>
</datafield>
</record>