
<record xmlns="http://www.loc.gov/MARC21/slim/"
xmlns:xsi="http://www.w3.org/2001/XMLSchema-instance"
xsi:schemaLocation="http://www.loc.gov/MARC21/slim
http://www.loc.gov/standards/marcxml/schema/MARC21slim.xsd">

<controlfield tag="008">200717s1616    sp      r     ||| |bspa d</controlfield>
<datafield tag="FFT" ind1=" " ind2=" ">
<subfield code="a">http://biblos.unizar.es/zaguan/METS_MIGUEL/D_63_70/METS_carga_D_63_70.xml</subfield>
<subfield code="d">Fichero METS</subfield>
</datafield>
<datafield tag="FFT" ind1=" " ind2=" ">
<subfield code="a">http://biblos.unizar.es/zaguan/PDFS/D_63_70.pdf</subfield>
<subfield code="d">Texto completo (PDF)</subfield>
<subfield code="x">http://biblos.unizar.es/zaguan/thumbnails_miguel/D_63_70.jpg</subfield>
</datafield>
<datafield tag="037" ind1=" " ind2=" ">
<subfield code="a">D_63_70</subfield>
</datafield>
<datafield tag="040" ind1=" " ind2=" ">
<subfield code="a">PAB</subfield>
<subfield code="b">spa</subfield>
<subfield code="d">CCPB</subfield>
<subfield code="d">ES-ZaU</subfield>
</datafield>
<datafield tag="100" ind1="1" ind2=" ">
<subfield code="a">Carrillo, Martín,</subfield>
<subfield code="d">1561-1630.</subfield>
</datafield>
<datafield tag="245" ind1="1" ind2="0">
<subfield code="a">Historia del glorioso san Valero, obispo de ... Çaragoça :</subfield>
<subfield code="b">con los martyrios de san Vicente, santa Engracia, san Lamberto, y los innumerables martyres ... de Çaragoça. con vn Catalogo de todos los prelados, obispos, arçobispos y abades del reyno de Aragon ... / por el dotor Martin Carrillo ... electo abad de Montearagon.</subfield>
</datafield>
<datafield tag="260" ind1=" " ind2=" ">
<subfield code="a">En Zaragoça :</subfield>
<subfield code="b">por Iuan de Lanaja y Quartanet ... :</subfield>
<subfield code="b">a costa de Iuan de Bonilla ...,</subfield>
<subfield code="c">1615.</subfield>
</datafield>
<datafield tag="300" ind1=" " ind2=" ">
<subfield code="a">[16], 16, 426, [14] p. ;</subfield>
<subfield code="c">4º.</subfield>
</datafield>
<datafield tag="505" ind1="2" ind2=" ">
<subfield code="a">Las 16 páginas contienen el privilegio y unas "Advertencias y respuestas a las obiecciones que se han hecho a la Historia de San Valero, por el mismo autor"</subfield>
</datafield>
<datafield tag="506" ind1=" " ind2=" ">
<subfield code="a">Access copy available to the general public</subfield>
<subfield code="f">Unrestricted</subfield>
</datafield>
<datafield tag="533" ind1=" " ind2=" ">
<subfield code="a">Copia digital :</subfield>
<subfield code="c">Google Books.</subfield>
<subfield code="n">Ejemplar de la Universidad Complutense.</subfield>
</datafield>
<datafield tag="540" ind1=" " ind2=" ">
<subfield code="a">by-nc-nd</subfield>
<subfield code="u">http://creativecommons.org/licenses/by-nc-nd/3.0/es/</subfield>
<subfield code="9">info:eu-repo/semantics/openAccess</subfield>
</datafield>
<datafield tag="596" ind1=" " ind2=" ">
<subfield code="a">Colofón.</subfield>
</datafield>
<datafield tag="596" ind1=" " ind2=" ">
<subfield code="a">En el privilegio, página 2, consta 1616.</subfield>
</datafield>
<datafield tag="597" ind1=" " ind2=" ">
<subfield code="a">Sign.: ¶\p8\s, A\p8\s, A-Z\p8\s, 2A-2D\p8\s, 2E\p4\s.</subfield>
</datafield>
<datafield tag="597" ind1=" " ind2=" ">
<subfield code="a">Portada con escudo xilográfico.</subfield>
</datafield>
<datafield tag="597" ind1=" " ind2=" ">
<subfield code="a">El "Catálogo ..." comienza en página 189.</subfield>
</datafield>
<datafield tag="597" ind1=" " ind2=" ">
<subfield code="a">Texto con apostillas marginales impresas y manuscritas.</subfield>
</datafield>
<datafield tag="600" ind1="0" ind2="4">
<subfield code="a">Valero,</subfield>
<subfield code="c">Santo, Obispo de Zaragoza,</subfield>
<subfield code="d">m. 315</subfield>
<subfield code="v">Biografías.</subfield>
</datafield>
<datafield tag="650" ind1="0" ind2="4">
<subfield code="a">Martirologio</subfield>
<subfield code="z">Zaragoza.</subfield>
</datafield>
<datafield tag="650" ind1="0" ind2="4">
<subfield code="a">Episcopologías</subfield>
<subfield code="z">Aragón.</subfield>
</datafield>
<datafield tag="700" ind1="1" ind2=" ">
<subfield code="a">Lanaja Quartanet, Juan de,</subfield>
<subfield code="e">imp.</subfield>
</datafield>
<datafield tag="700" ind1="1" ind2=" ">
<subfield code="a">Bonilla, Juan de</subfield>
<subfield code="c">(Librero),</subfield>
<subfield code="e">ed.</subfield>
</datafield>
<datafield tag="710" ind1="2" ind2=" ">
<subfield code="a">Convento de Nuestra Señora de Jesús (Zaragoza),</subfield>
<subfield code="e">ant. pos.</subfield>
</datafield>
<datafield tag="752" ind1=" " ind2=" ">
<subfield code="a">España</subfield>
<subfield code="b">Aragón</subfield>
<subfield code="d">Zaragoza.</subfield>
</datafield>
<datafield tag="907" ind1=" " ind2=" ">
<subfield code="a">.b18623025</subfield>
<subfield code="b">26-08-20</subfield>
<subfield code="c">06-09-17</subfield>
</datafield>
<datafield tag="927" ind1="1" ind2=" ">
<subfield code="a">100</subfield>
<subfield code="b">jm</subfield>
<subfield code="d">200717</subfield>
</datafield>
<datafield tag="945" ind1=" " ind2=" ">
<subfield code="a">D-63-70</subfield>
<subfield code="g">1</subfield>
<subfield code="l">100an</subfield>
<subfield code="n">DIGITALIZACION 2020</subfield>
<subfield code="o">d</subfield>
<subfield code="p">&amp;#x20ac;0.00</subfield>
<subfield code="q">-</subfield>
<subfield code="r">f</subfield>
<subfield code="s">-</subfield>
<subfield code="t">20</subfield>
<subfield code="u">0</subfield>
<subfield code="v">0</subfield>
<subfield code="w">0</subfield>
<subfield code="x">0</subfield>
<subfield code="y">.i22723134</subfield>
<subfield code="z">17-07-20</subfield>
</datafield>
<datafield tag="970" ind1=" " ind2=" ">
<subfield code="a">CCPB000039937-X</subfield>
</datafield>
<datafield tag="980" ind1=" " ind2=" ">
<subfield code="a">FH</subfield>
<subfield code="b">fondos</subfield>
</datafield>
<datafield tag="998" ind1=" " ind2=" ">
<subfield code="a">100</subfield>
<subfield code="b">17-07-20</subfield>
<subfield code="c">m</subfield>
<subfield code="d">a</subfield>
<subfield code="e">a</subfield>
<subfield code="f">spa</subfield>
<subfield code="g">sp</subfield>
<subfield code="h">0</subfield>
<subfield code="i">0</subfield>
</datafield>
</record>