
<record xmlns="http://www.loc.gov/MARC21/slim/"
xmlns:xsi="http://www.w3.org/2001/XMLSchema-instance"
xsi:schemaLocation="http://www.loc.gov/MARC21/slim
http://www.loc.gov/standards/marcxml/schema/MARC21slim.xsd">

<controlfield tag="008">131023s1892    sp      rb    101 0 spa d</controlfield>
<datafield tag="FFT" ind1=" " ind2=" ">
<subfield code="a">http://biblos.unizar.es/zaguan/METS_MIGUEL/CAJ_67_1576ar/METS_carga_CAJ_67_1576ar.xml</subfield>
<subfield code="d">Fichero METS</subfield>
</datafield>
<datafield tag="FFT" ind1=" " ind2=" ">
<subfield code="a">http://biblos.unizar.es/zaguan/PDFS/CAJ_67_1576ar.pdf</subfield>
<subfield code="d">Texto completo (PDF)</subfield>
<subfield code="x">http://biblos.unizar.es/zaguan/thumbnails_miguel/CAJ_67_1576ar.jpg</subfield>
</datafield>
<datafield tag="037" ind1=" " ind2=" ">
<subfield code="a">CAJ_67_1576ar</subfield>
</datafield>
<datafield tag="040" ind1=" " ind2=" ">
<subfield code="a">UZ.GRL</subfield>
</datafield>
<datafield tag="080" ind1=" " ind2=" ">
<subfield code="a">811.521:016</subfield>
</datafield>
<datafield tag="080" ind1=" " ind2=" ">
<subfield code="a">811.581:016</subfield>
</datafield>
<datafield tag="100" ind1="1" ind2=" ">
<subfield code="a">Viñaza, Cipriano Muñoz y Manzano,</subfield>
<subfield code="c">Conde de la.</subfield>
</datafield>
<datafield tag="245" ind1="1" ind2="0">
<subfield code="a">Escritos de los portugueses y castellanos referentes á las lenguas de China y el Japón :</subfield>
<subfield code="b">estudio bibliográfico /</subfield>
<subfield code="c">por El Conde de la Viñaza.</subfield>
</datafield>
<datafield tag="246" ind1="0" ind2="3">
<subfield code="a">Memoria presentada en la Xa Sesión del Congreso Internacional de Orientalistas.</subfield>
</datafield>
<datafield tag="260" ind1=" " ind2=" ">
<subfield code="a">Lisboa [etc.] :</subfield>
<subfield code="b">M. Gomes [etc.],</subfield>
<subfield code="c">1892</subfield>
<subfield code="e">(Zaragoza :</subfield>
<subfield code="f">mprenta de "La Derecha")</subfield>
</datafield>
<datafield tag="300" ind1=" " ind2=" ">
<subfield code="a">139 p. ;</subfield>
<subfield code="c">24 cm.</subfield>
</datafield>
<datafield tag="500" ind1=" " ind2=" ">
<subfield code="a">Tít. en anteportada: Memoria presentada en la Xa Sesión del Congreso Internacional de Orientalistas.</subfield>
</datafield>
<datafield tag="500" ind1=" " ind2=" ">
<subfield code="a">Precede al tít.: Congreso Internacional de Orientalistas, Lisboa 1892.</subfield>
</datafield>
<datafield tag="500" ind1=" " ind2=" ">
<subfield code="a">Tirada de 150 ejemplares numerados.</subfield>
</datafield>
<datafield tag="500" ind1=" " ind2=" ">
<subfield code="a">Indice onomástico.</subfield>
</datafield>
<datafield tag="506" ind1=" " ind2=" ">
<subfield code="a">Access copy available to the general public</subfield>
<subfield code="f">Unrestricted</subfield>
</datafield>
<datafield tag="540" ind1=" " ind2=" ">
<subfield code="a">by-nc-nd</subfield>
<subfield code="u">http://creativecommons.org/licenses/by-nc-nd/3.0/es/</subfield>
<subfield code="9">info:eu-repo/semantics/openAccess</subfield>
</datafield>
<datafield tag="550" ind1=" " ind2=" ">
<subfield code="a">Coeditado con B. Quaritch (Londres), y M. Murillo (Madrid)</subfield>
</datafield>
<datafield tag="650" ind1="0" ind2="4">
<subfield code="a">Lengua china</subfield>
<subfield code="v">Bibliografías</subfield>
</datafield>
<datafield tag="650" ind1="0" ind2="4">
<subfield code="a">Lengua japonesa</subfield>
<subfield code="v">Bibliografías.</subfield>
</datafield>
<datafield tag="700" ind1="1" ind2=" ">
<subfield code="a">Hernández Fajarnés, Antonio,</subfield>
<subfield code="e">ant. pos.</subfield>
</datafield>
<datafield tag="711" ind1="2" ind2=" ">
<subfield code="a">Congreso Internacional de Orientalistas</subfield>
<subfield code="c">Lisboa)</subfield>
<subfield code="d">1892.</subfield>
<subfield code="n">(10.</subfield>
</datafield>
<datafield tag="907" ind1=" " ind2=" ">
<subfield code="a">.b16789702</subfield>
<subfield code="b">26-08-20</subfield>
<subfield code="c">23-10-13</subfield>
</datafield>
<datafield tag="945" ind1=" " ind2=" ">
<subfield code="a">CAJ 67-1576ar</subfield>
<subfield code="g">1</subfield>
<subfield code="l">100d</subfield>
<subfield code="n">DIGITALIZACION 2020</subfield>
<subfield code="o">d</subfield>
<subfield code="p">&amp;#x20ac;0.00</subfield>
<subfield code="q">-</subfield>
<subfield code="r">c</subfield>
<subfield code="s">-</subfield>
<subfield code="t">11</subfield>
<subfield code="u">0</subfield>
<subfield code="v">0</subfield>
<subfield code="w">0</subfield>
<subfield code="x">0</subfield>
<subfield code="y">.i20575026</subfield>
<subfield code="z">23-10-13</subfield>
</datafield>
<datafield tag="970" ind1=" " ind2=" ">
<subfield code="a">ocm00000725-6</subfield>
</datafield>
<datafield tag="980" ind1=" " ind2=" ">
<subfield code="a">FH</subfield>
<subfield code="b">fondos</subfield>
</datafield>
<datafield tag="998" ind1=" " ind2=" ">
<subfield code="a">100</subfield>
<subfield code="b">23-10-13</subfield>
<subfield code="c">m</subfield>
<subfield code="d">a</subfield>
<subfield code="e">-</subfield>
<subfield code="f">spa</subfield>
<subfield code="g">sp</subfield>
<subfield code="h">0</subfield>
<subfield code="i">0</subfield>
</datafield>
</record>