
<record xmlns="http://www.loc.gov/MARC21/slim/"
xmlns:xsi="http://www.w3.org/2001/XMLSchema-instance"
xsi:schemaLocation="http://www.loc.gov/MARC21/slim
http://www.loc.gov/standards/marcxml/schema/MARC21slim.xsd">

<controlfield tag="008">150205q16001700sp a    r     000 0 spa d</controlfield>
<datafield tag="FFT" ind1=" " ind2=" ">
<subfield code="a">http://biblos.unizar.es/zaguan/METS_MIGUEL/78_59/METS_carga_78_59.xml</subfield>
<subfield code="d">Fichero METS</subfield>
</datafield>
<datafield tag="FFT" ind1=" " ind2=" ">
<subfield code="a">http://biblos.unizar.es/zaguan/PDFS/78_59.pdf</subfield>
<subfield code="d">Texto completo (PDF)</subfield>
<subfield code="x">http://biblos.unizar.es/zaguan/thumbnails_miguel/78_59.jpg</subfield>
</datafield>
<datafield tag="037" ind1=" " ind2=" ">
<subfield code="a">78_59</subfield>
</datafield>
<datafield tag="040" ind1=" " ind2=" ">
<subfield code="a">ES-ZaU</subfield>
</datafield>
<datafield tag="100" ind1="1" ind2=" ">
<subfield code="a">Agustí, Miguel,</subfield>
<subfield code="d">1560-1630.</subfield>
</datafield>
<datafield tag="245" ind1="1" ind2="0">
<subfield code="a">Libro de los secretos de Agricultura, Casa de Campo y pastoril /</subfield>
<subfield code="c">traducido de lengua catalana en castellano por Fr. Miguel Agustín ..., del libro que el mesmo autor saco a luz el año de 1617 ; y aora con addicion del quinto libro ... y un vocabulario de seis lenguas ..., con una Rueda perpetua para conocer los años abundantes y esteriles.</subfield>
</datafield>
<datafield tag="260" ind1=" " ind2=" ">
<subfield code="a">En Zaragoza :</subfield>
<subfield code="b">por Pascual Bueno impressor de su Mag. del Reyno de Aragon, y del Hospital Real y General de N. señora de Gracia,</subfield>
<subfield code="c">[s.a.]</subfield>
</datafield>
<datafield tag="300" ind1=" " ind2=" ">
<subfield code="a">[6], 495, [4] p. :</subfield>
<subfield code="b">il. ;</subfield>
<subfield code="c">4º</subfield>
</datafield>
<datafield tag="506" ind1=" " ind2=" ">
<subfield code="a">Access copy available to the general public</subfield>
<subfield code="f">Unrestricted</subfield>
</datafield>
<datafield tag="540" ind1=" " ind2=" ">
<subfield code="a">by-nc-nd</subfield>
<subfield code="u">http://creativecommons.org/licenses/by-nc-nd/3.0/es/</subfield>
<subfield code="9">info:eu-repo/semantics/openAccess</subfield>
</datafield>
<datafield tag="596" ind1=" " ind2=" ">
<subfield code="a">Censura fechada en 1625.</subfield>
</datafield>
<datafield tag="597" ind1=" " ind2=" ">
<subfield code="a">Port. con grab. xil. y orlada.</subfield>
</datafield>
<datafield tag="599" ind1=" " ind2=" ">
<subfield code="a">Il. xil. intercaladas en el texto.</subfield>
</datafield>
<datafield tag="650" ind1="0" ind2="4">
<subfield code="a">Agricultura</subfield>
<subfield code="v">Obras anteriores a 1800.</subfield>
</datafield>
<datafield tag="700" ind1="1" ind2=" ">
<subfield code="a">Bueno, Pascual,</subfield>
<subfield code="d">fl. 1678-1725,,</subfield>
<subfield code="e">imp.</subfield>
</datafield>
<datafield tag="700" ind1="1" ind2=" ">
<subfield code="a">Urbasson y Ochoa, Francisco,</subfield>
<subfield code="e">ant. pos.</subfield>
</datafield>
<datafield tag="752" ind1=" " ind2=" ">
<subfield code="a">España</subfield>
<subfield code="b">Aragón</subfield>
<subfield code="d">Zaragoza.</subfield>
</datafield>
<datafield tag="907" ind1=" " ind2=" ">
<subfield code="a">.b17115450</subfield>
<subfield code="b">17-08-20</subfield>
<subfield code="c">11-02-15</subfield>
</datafield>
<datafield tag="945" ind1=" " ind2=" ">
<subfield code="a">78-59</subfield>
<subfield code="g">0</subfield>
<subfield code="l">100an</subfield>
<subfield code="n">DIGITALIZACION 2020</subfield>
<subfield code="n">Ej. muy raro, impreso en Zaragoza, Pascual Bueno.</subfield>
<subfield code="o">u</subfield>
<subfield code="p">&amp;#x20ac;0.00</subfield>
<subfield code="q">-</subfield>
<subfield code="r">f</subfield>
<subfield code="s">-</subfield>
<subfield code="t">20</subfield>
<subfield code="u">0</subfield>
<subfield code="v">0</subfield>
<subfield code="w">0</subfield>
<subfield code="x">0</subfield>
<subfield code="y">.i21029301</subfield>
<subfield code="z">11-02-15</subfield>
</datafield>
<datafield tag="970" ind1=" " ind2=" ">
<subfield code="a">CCPB000046980-7</subfield>
</datafield>
<datafield tag="980" ind1=" " ind2=" ">
<subfield code="a">FH</subfield>
<subfield code="b">fondos</subfield>
</datafield>
<datafield tag="998" ind1=" " ind2=" ">
<subfield code="a">100</subfield>
<subfield code="b">03-02-15</subfield>
<subfield code="c">m</subfield>
<subfield code="d">a</subfield>
<subfield code="e">a</subfield>
<subfield code="f">lat</subfield>
<subfield code="g">sp</subfield>
<subfield code="h">0</subfield>
<subfield code="i">0</subfield>
</datafield>
</record>