
<record xmlns="http://www.loc.gov/MARC21/slim/"
xmlns:xsi="http://www.w3.org/2001/XMLSchema-instance"
xsi:schemaLocation="http://www.loc.gov/MARC21/slim
http://www.loc.gov/standards/marcxml/schema/MARC21slim.xsd">

<controlfield tag="008">200820s1639    sp      r     ||| | lat d</controlfield>
<datafield tag="FFT" ind1=" " ind2=" ">
<subfield code="a">http://biblos.unizar.es/zaguan/METS_MIGUEL/D_62_54/METS_carga_D_62_54.xml</subfield>
<subfield code="d">Fichero METS</subfield>
</datafield>
<datafield tag="FFT" ind1=" " ind2=" ">
<subfield code="a">http://biblos.unizar.es/zaguan/PDFS/D_62_54.pdf</subfield>
<subfield code="d">Texto completo (PDF)</subfield>
<subfield code="x">http://biblos.unizar.es/zaguan/thumbnails_miguel/D_62_54.jpg</subfield>
</datafield>
<datafield tag="037" ind1=" " ind2=" ">
<subfield code="a">D_62_54</subfield>
</datafield>
<datafield tag="040" ind1=" " ind2=" ">
<subfield code="a">PAB</subfield>
<subfield code="b">spa</subfield>
<subfield code="c">CCPB</subfield>
<subfield code="d">ES-ZaU</subfield>
<subfield code="e">rdc</subfield>
</datafield>
<datafield tag="100" ind1="1" ind2=" ">
<subfield code="a">Arnaud, Claude</subfield>
<subfield code="c">(O.C.),</subfield>
<subfield code="d">1601-1644.</subfield>
</datafield>
<datafield tag="245" ind1="1" ind2="0">
<subfield code="a">Thesauri sacrorum rituum epitome ... :</subfield>
<subfield code="b">selecta quaeque notatu dignissima ex intimis Rubricarum &amp; animaduersionum Bartholomaei Gauanti, in Rubricas Missalis, &amp; Breuiarij Romani medulis decerpta continens ... /</subfield>
<subfield code="c">opera P. Claudii Arnaud.</subfield>
</datafield>
<datafield tag="260" ind1=" " ind2=" ">
<subfield code="a">Caesaraugustae :</subfield>
<subfield code="b">ex typog. officina Regij Nosocomij Deiparae de Gratia :</subfield>
<subfield code="b">expensis Petri Alfay,</subfield>
<subfield code="c">1639.</subfield>
</datafield>
<datafield tag="300" ind1=" " ind2=" ">
<subfield code="a">[8], 281, [6] p. ;</subfield>
<subfield code="c">8º.</subfield>
</datafield>
<datafield tag="506" ind1=" " ind2=" ">
<subfield code="a">Access copy available to the general public</subfield>
<subfield code="f">Unrestricted</subfield>
</datafield>
<datafield tag="540" ind1=" " ind2=" ">
<subfield code="a">by-nc-nd</subfield>
<subfield code="u">http://creativecommons.org/licenses/by-nc-nd/3.0/es/</subfield>
<subfield code="9">info:eu-repo/semantics/openAccess</subfield>
</datafield>
<datafield tag="597" ind1=" " ind2=" ">
<subfield code="a">Sign.: [cruz]4, A-S8.</subfield>
</datafield>
<datafield tag="597" ind1=" " ind2=" ">
<subfield code="a">Grab. xil. en [cruz]4.</subfield>
</datafield>
<datafield tag="650" ind1="0" ind2="4">
<subfield code="a">Iglesia Católica</subfield>
<subfield code="v">Obras anteriores a 1800.</subfield>
<subfield code="x">Ritos y ceremonias</subfield>
</datafield>
<datafield tag="700" ind1="1" ind2=" ">
<subfield code="a">Alfay, Pedro,</subfield>
<subfield code="e">ed.</subfield>
</datafield>
<datafield tag="710" ind1="2" ind2=" ">
<subfield code="a">Hospital Real y General de Nuestra Señora de Gracia (Zaragoza),</subfield>
<subfield code="e">imp.</subfield>
</datafield>
<datafield tag="752" ind1=" " ind2=" ">
<subfield code="a">España</subfield>
<subfield code="b">Aragón</subfield>
<subfield code="d">Zaragoza.</subfield>
</datafield>
<datafield tag="907" ind1=" " ind2=" ">
<subfield code="a">.b18613810</subfield>
<subfield code="b">26-08-20</subfield>
<subfield code="c">06-09-17</subfield>
</datafield>
<datafield tag="927" ind1="1" ind2=" ">
<subfield code="a">100</subfield>
<subfield code="b">pm</subfield>
<subfield code="d">200820</subfield>
</datafield>
<datafield tag="945" ind1=" " ind2=" ">
<subfield code="a">D-62-54</subfield>
<subfield code="g">1</subfield>
<subfield code="l">100an</subfield>
<subfield code="n">DIGITALIZACION 2020</subfield>
<subfield code="o">d</subfield>
<subfield code="p">&amp;#x20ac;0.00</subfield>
<subfield code="q">-</subfield>
<subfield code="r">f</subfield>
<subfield code="s">-</subfield>
<subfield code="t">20</subfield>
<subfield code="u">0</subfield>
<subfield code="v">0</subfield>
<subfield code="w">0</subfield>
<subfield code="x">0</subfield>
<subfield code="y">.i22744952</subfield>
<subfield code="z">20-08-20</subfield>
</datafield>
<datafield tag="970" ind1=" " ind2=" ">
<subfield code="a">CCPB000032847-2</subfield>
</datafield>
<datafield tag="980" ind1=" " ind2=" ">
<subfield code="a">FH</subfield>
<subfield code="b">fondos</subfield>
</datafield>
<datafield tag="998" ind1=" " ind2=" ">
<subfield code="a">100</subfield>
<subfield code="b">20-08-20</subfield>
<subfield code="c">m</subfield>
<subfield code="d">a</subfield>
<subfield code="e">a</subfield>
<subfield code="f">lat</subfield>
<subfield code="g">sp</subfield>
<subfield code="h">0</subfield>
<subfield code="i">0</subfield>
</datafield>
</record>