
<record xmlns="http://www.loc.gov/MARC21/slim/"
xmlns:xsi="http://www.w3.org/2001/XMLSchema-instance"
xsi:schemaLocation="http://www.loc.gov/MARC21/slim
http://www.loc.gov/standards/marcxml/schema/MARC21slim.xsd">

<controlfield tag="008">200717s1637    sp a    r     ||| | spa d</controlfield>
<datafield tag="FFT" ind1=" " ind2=" ">
<subfield code="a">http://biblos.unizar.es/zaguan/METS_MIGUEL/D_62_91/METS_carga_D_62_91.xml</subfield>
<subfield code="d">Fichero METS</subfield>
</datafield>
<datafield tag="FFT" ind1=" " ind2=" ">
<subfield code="a">http://biblos.unizar.es/zaguan/PDFS/D_62_91.pdf</subfield>
<subfield code="d">Texto completo (PDF)</subfield>
<subfield code="x">http://biblos.unizar.es/zaguan/thumbnails_miguel/D_62_91.jpg</subfield>
</datafield>
<datafield tag="037" ind1=" " ind2=" ">
<subfield code="a">D_62_91</subfield>
</datafield>
<datafield tag="040" ind1=" " ind2=" ">
<subfield code="a">AR</subfield>
<subfield code="b">spa</subfield>
<subfield code="c">PAB</subfield>
<subfield code="d">ES-ZaU</subfield>
</datafield>
<datafield tag="100" ind1="1" ind2=" ">
<subfield code="a">Padilla Manrique y Acuña, Luisa María de,</subfield>
<subfield code="c">Condesa de Aranda,</subfield>
<subfield code="d">1590-1646.</subfield>
</datafield>
<datafield tag="245" ind1="1" ind2="0">
<subfield code="a">Nobleza virtuosa /</subfield>
<subfield code="c">dada a la estampa por ... F. Pedro Henrique Pastor ...</subfield>
</datafield>
<datafield tag="260" ind1=" " ind2=" ">
<subfield code="a">Impresso en Zaragoça :</subfield>
<subfield code="b">por Iuan de Lanaja y Quartanet ...,</subfield>
<subfield code="c">1637.</subfield>
</datafield>
<datafield tag="300" ind1=" " ind2=" ">
<subfield code="a">[18], 373 p. ;</subfield>
<subfield code="c">8º.</subfield>
</datafield>
<datafield tag="506" ind1=" " ind2=" ">
<subfield code="a">Access copy available to the general public</subfield>
<subfield code="f">Unrestricted</subfield>
</datafield>
<datafield tag="510" ind1="4" ind2=" ">
<subfield code="a">Jiménez Catalán. Zaragoza XVII,</subfield>
<subfield code="c">371.</subfield>
</datafield>
<datafield tag="510" ind1="4" ind2=" ">
<subfield code="a">Palau,</subfield>
<subfield code="c">208370.</subfield>
</datafield>
<datafield tag="540" ind1=" " ind2=" ">
<subfield code="a">by-nc-nd</subfield>
<subfield code="u">http://creativecommons.org/licenses/by-nc-nd/3.0/es/</subfield>
<subfield code="9">info:eu-repo/semantics/openAccess</subfield>
</datafield>
<datafield tag="594" ind1=" " ind2=" ">
<subfield code="a">Jiménez Catalán atribuye esta obra a Dª Luisa de Padilla, Condesa de Aranda.</subfield>
</datafield>
<datafield tag="594" ind1=" " ind2=" ">
<subfield code="a">Palau señala que es la primera parte de la serie.</subfield>
</datafield>
<datafield tag="597" ind1=" " ind2=" ">
<subfield code="a">Sign.: [ ]\p1\s, [calderón]\p8\s, A-Z\p8\s, 2A\p3\s.</subfield>
</datafield>
<datafield tag="597" ind1=" " ind2=" ">
<subfield code="a">Texto fileteado.</subfield>
</datafield>
<datafield tag="599" ind1=" " ind2=" ">
<subfield code="a">Portada grabada calcográfica arquitectónica: "J. Valles"</subfield>
</datafield>
<datafield tag="650" ind1="0" ind2="4">
<subfield code="a">Nobleza</subfield>
<subfield code="x">Educación moral</subfield>
<subfield code="y">S. XVII.</subfield>
</datafield>
<datafield tag="700" ind1="1" ind2=" ">
<subfield code="a">Pastor, Pedro Enrique</subfield>
<subfield code="c">(O.S.A.),</subfield>
<subfield code="e">ed. lit.</subfield>
</datafield>
<datafield tag="700" ind1="1" ind2=" ">
<subfield code="a">Valles, José,</subfield>
<subfield code="d">S. XVII,</subfield>
<subfield code="e">grab.</subfield>
</datafield>
<datafield tag="700" ind1="1" ind2=" ">
<subfield code="a">Lanaja Quartanet, Juan de,</subfield>
<subfield code="e">imp.</subfield>
</datafield>
<datafield tag="700" ind1="1" ind2=" ">
<subfield code="a">Pardina, Juan Ignacio de la,</subfield>
<subfield code="e">ant. pos.</subfield>
</datafield>
<datafield tag="710" ind1="2" ind2=" ">
<subfield code="a">Convento de San Ildefonso (Zaragoza),</subfield>
<subfield code="e">ant. pos.</subfield>
</datafield>
<datafield tag="752" ind1=" " ind2=" ">
<subfield code="a">España</subfield>
<subfield code="b">Aragón</subfield>
<subfield code="d">Zaragoza.</subfield>
</datafield>
<datafield tag="907" ind1=" " ind2=" ">
<subfield code="a">.b18638764</subfield>
<subfield code="b">26-08-20</subfield>
<subfield code="c">06-09-17</subfield>
</datafield>
<datafield tag="927" ind1="1" ind2=" ">
<subfield code="a">100</subfield>
<subfield code="b">jm</subfield>
<subfield code="d">200717</subfield>
</datafield>
<datafield tag="945" ind1=" " ind2=" ">
<subfield code="a">D-62-91</subfield>
<subfield code="g">1</subfield>
<subfield code="l">100an</subfield>
<subfield code="n">DIGITALIZACION 2020</subfield>
<subfield code="o">d</subfield>
<subfield code="p">&amp;#x20ac;0.00</subfield>
<subfield code="q">-</subfield>
<subfield code="r">f</subfield>
<subfield code="s">-</subfield>
<subfield code="t">20</subfield>
<subfield code="u">0</subfield>
<subfield code="v">0</subfield>
<subfield code="w">0</subfield>
<subfield code="x">0</subfield>
<subfield code="y">.i22722920</subfield>
<subfield code="z">17-07-20</subfield>
</datafield>
<datafield tag="970" ind1=" " ind2=" ">
<subfield code="a">CCPB000051841-7</subfield>
</datafield>
<datafield tag="980" ind1=" " ind2=" ">
<subfield code="a">FH</subfield>
<subfield code="b">fondos</subfield>
</datafield>
<datafield tag="998" ind1=" " ind2=" ">
<subfield code="a">100</subfield>
<subfield code="b">17-07-20</subfield>
<subfield code="c">m</subfield>
<subfield code="d">a</subfield>
<subfield code="e">a</subfield>
<subfield code="f">spa</subfield>
<subfield code="g">sp</subfield>
<subfield code="h">0</subfield>
<subfield code="i">0</subfield>
</datafield>
</record>