
<record xmlns="http://www.loc.gov/MARC21/slim/"
xmlns:xsi="http://www.w3.org/2001/XMLSchema-instance"
xsi:schemaLocation="http://www.loc.gov/MARC21/slim
http://www.loc.gov/standards/marcxml/schema/MARC21slim.xsd">

<controlfield tag="008">200220s1648    sp a    r     ||| |bspa d</controlfield>
<datafield tag="FFT" ind1=" " ind2=" ">
<subfield code="a">http://biblos.unizar.es/zaguan/METS_MIGUEL/D_24_18/METS_carga_D_24_18.xml</subfield>
<subfield code="d">Fichero METS</subfield>
</datafield>
<datafield tag="FFT" ind1=" " ind2=" ">
<subfield code="a">http://biblos.unizar.es/zaguan/PDFS/D_24_18.pdf</subfield>
<subfield code="d">Texto completo (PDF)</subfield>
<subfield code="x">http://biblos.unizar.es/zaguan/thumbnails_miguel/D_24_18.jpg</subfield>
</datafield>
<datafield tag="037" ind1=" " ind2=" ">
<subfield code="a">D_24_18</subfield>
</datafield>
<datafield tag="040" ind1=" " ind2=" ">
<subfield code="a">PAB</subfield>
<subfield code="b">spa</subfield>
<subfield code="c">PAB</subfield>
<subfield code="d">ES-ZaU</subfield>
</datafield>
<datafield tag="100" ind1="1" ind2=" ">
<subfield code="a">Fuser, Jerónimo</subfield>
</datafield>
<datafield tag="245" ind1="1" ind2="0">
<subfield code="a">Vida del venerab\pe\s y apostolico varon ... don Fray Geronimo Batista de Lanuza de la Orden de Predicadores ... /</subfield>
<subfield code="c">por ... Fr. Geronimo Fuser ... de la propia Orden.</subfield>
</datafield>
<datafield tag="260" ind1=" " ind2=" ">
<subfield code="a">En Zaragoza :</subfield>
<subfield code="b">por Pedro Lanaja,</subfield>
<subfield code="c">1648.</subfield>
</datafield>
<datafield tag="300" ind1=" " ind2=" ">
<subfield code="a">[90], 410, [34] p., [1] h. de grab. ;</subfield>
<subfield code="c">Fol.</subfield>
</datafield>
<datafield tag="506" ind1=" " ind2=" ">
<subfield code="a">Access copy available to the general public</subfield>
<subfield code="f">Unrestricted</subfield>
</datafield>
<datafield tag="540" ind1=" " ind2=" ">
<subfield code="a">by-nc-nd</subfield>
<subfield code="u">http://creativecommons.org/licenses/by-nc-nd/3.0/es/</subfield>
<subfield code="9">info:eu-repo/semantics/openAccess</subfield>
</datafield>
<datafield tag="596" ind1=" " ind2=" ">
<subfield code="a">Preliminares dados en Zaragoza, 1648.</subfield>
</datafield>
<datafield tag="597" ind1=" " ind2=" ">
<subfield code="a">Sign.: []\p1\s, [calderón]-4[calderón]\p6\s, a-c\p6\s, A-Z\p6\s, 2A-2K\p6\s, 2L\p8\s, 2M-2N\p6\s, 2O\p6\s.</subfield>
</datafield>
<datafield tag="597" ind1=" " ind2=" ">
<subfield code="a">Texto enmarcado.</subfield>
</datafield>
<datafield tag="599" ind1=" " ind2=" ">
<subfield code="a">Port. grab. calc.: "Iuan de Noort F"</subfield>
</datafield>
<datafield tag="599" ind1=" " ind2=" ">
<subfield code="a">La h. de grab. calc.:"Iuan de Noort F", retrato de Fr. Geronimo Batista de Lanuza.</subfield>
</datafield>
<datafield tag="600" ind1="1" ind2="4">
<subfield code="a">Batista de Lanuza, Jerónimo,</subfield>
<subfield code="d">1553-1624</subfield>
<subfield code="v">Biografías.</subfield>
</datafield>
<datafield tag="700" ind1="1" ind2=" ">
<subfield code="a">Noort, Juan de,</subfield>
<subfield code="d">1587-1652,</subfield>
<subfield code="e">grab.</subfield>
</datafield>
<datafield tag="700" ind1="1" ind2=" ">
<subfield code="a">Lanaja Lamarca, Pedro,</subfield>
<subfield code="e">imp.</subfield>
</datafield>
<datafield tag="752" ind1=" " ind2=" ">
<subfield code="a">España</subfield>
<subfield code="b">Aragón</subfield>
<subfield code="d">Zaragoza.</subfield>
</datafield>
<datafield tag="907" ind1=" " ind2=" ">
<subfield code="a">.b18622549</subfield>
<subfield code="b">26-08-20</subfield>
<subfield code="c">06-09-17</subfield>
</datafield>
<datafield tag="927" ind1="1" ind2=" ">
<subfield code="a">100</subfield>
<subfield code="b">jm</subfield>
<subfield code="d">200220</subfield>
</datafield>
<datafield tag="945" ind1=" " ind2=" ">
<subfield code="a">D-24-18</subfield>
<subfield code="g">1</subfield>
<subfield code="l">100an</subfield>
<subfield code="n">DIGITALIZACION 2020</subfield>
<subfield code="o">d</subfield>
<subfield code="p">&amp;#x20ac;0.00</subfield>
<subfield code="q">-</subfield>
<subfield code="r">f</subfield>
<subfield code="s">-</subfield>
<subfield code="t">20</subfield>
<subfield code="u">0</subfield>
<subfield code="v">0</subfield>
<subfield code="w">0</subfield>
<subfield code="x">0</subfield>
<subfield code="y">.i2266788x</subfield>
<subfield code="z">20-02-20</subfield>
</datafield>
<datafield tag="970" ind1=" " ind2=" ">
<subfield code="a">CCPB000039525-0</subfield>
</datafield>
<datafield tag="980" ind1=" " ind2=" ">
<subfield code="a">FH</subfield>
<subfield code="b">fondos</subfield>
</datafield>
<datafield tag="998" ind1=" " ind2=" ">
<subfield code="a">100</subfield>
<subfield code="b">20-02-20</subfield>
<subfield code="c">m</subfield>
<subfield code="d">a</subfield>
<subfield code="e">a</subfield>
<subfield code="f">spa</subfield>
<subfield code="g">sp</subfield>
<subfield code="h">0</subfield>
<subfield code="i">0</subfield>
</datafield>
</record>