
<record xmlns="http://www.loc.gov/MARC21/slim/"
xmlns:xsi="http://www.w3.org/2001/XMLSchema-instance"
xsi:schemaLocation="http://www.loc.gov/MARC21/slim
http://www.loc.gov/standards/marcxml/schema/MARC21slim.xsd">

<controlfield tag="008">130719s1906    sp      r     000 0 spa d</controlfield>
<datafield tag="FFT" ind1=" " ind2=" ">
<subfield code="a">http://biblos.unizar.es/zaguan/METS_MIGUEL/CAJ_63_1462ar/METS_carga_CAJ_63_1462ar.xml</subfield>
<subfield code="d">Fichero METS</subfield>
</datafield>
<datafield tag="FFT" ind1=" " ind2=" ">
<subfield code="a">http://biblos.unizar.es/zaguan/PDFS/CAJ_63_1462ar.pdf</subfield>
<subfield code="d">Texto completo (PDF)</subfield>
<subfield code="x">http://biblos.unizar.es/zaguan/thumbnails_miguel/CAJ_63_1462ar.jpg</subfield>
</datafield>
<datafield tag="037" ind1=" " ind2=" ">
<subfield code="a">CAJ_63_1462ar</subfield>
</datafield>
<datafield tag="040" ind1=" " ind2=" ">
<subfield code="a">UZ.GRL</subfield>
</datafield>
<datafield tag="080" ind1=" " ind2=" ">
<subfield code="a">726.6(460.224Z)Pilar</subfield>
</datafield>
<datafield tag="080" ind1=" " ind2=" ">
<subfield code="a">725(460.224Z)</subfield>
</datafield>
<datafield tag="080" ind1=" " ind2=" ">
<subfield code="a">94(460.224Z).061</subfield>
</datafield>
<datafield tag="100" ind1="1" ind2=" ">
<subfield code="a">Navarro Pérez, Félix,</subfield>
<subfield code="d">1849-1911.</subfield>
</datafield>
<datafield tag="245" ind1="1" ind2="3">
<subfield code="a">El Monumento á los Sitios con el Templo del Pilar de Zaragoza /</subfield>
<subfield code="c">según plan del arquitecto Félix Navarro.</subfield>
</datafield>
<datafield tag="260" ind1=" " ind2=" ">
<subfield code="a">Zaragoza :</subfield>
<subfield code="b">[s.n.],</subfield>
<subfield code="c">1906</subfield>
<subfield code="f">(M. Salas)</subfield>
</datafield>
<datafield tag="300" ind1=" " ind2=" ">
<subfield code="a">16 p. ;</subfield>
<subfield code="c">25 cm.</subfield>
</datafield>
<datafield tag="506" ind1=" " ind2=" ">
<subfield code="a">Access copy available to the general public</subfield>
<subfield code="f">Unrestricted</subfield>
</datafield>
<datafield tag="540" ind1=" " ind2=" ">
<subfield code="a">by-nc-nd</subfield>
<subfield code="u">http://creativecommons.org/licenses/by-nc-nd/3.0/es/</subfield>
<subfield code="9">info:eu-repo/semantics/openAccess</subfield>
</datafield>
<datafield tag="580" ind1=" " ind2=" ">
<subfield code="a">Hay reed.: Zaragoza, La Cadiera, 1961, digitalizada por Biblioteca Municipal de Zaragoza: http://www.zaragoza.es/bibliotecas/colecciones/BIBLIOTECA/G/BMZ_G06069-6/_index.djvu</subfield>
</datafield>
<datafield tag="610" ind1="2" ind2="4">
<subfield code="a">Basílica de Nuestra Señora del Pilar (Zaragoza)</subfield>
</datafield>
<datafield tag="650" ind1="0" ind2="4">
<subfield code="a">Monumentos</subfield>
<subfield code="z">Zaragoza</subfield>
</datafield>
<datafield tag="651" ind1=" " ind2="4">
<subfield code="a">Zaragoza</subfield>
<subfield code="x">Historia</subfield>
<subfield code="y">1808-1814, Guerra de la Independencia.</subfield>
</datafield>
<datafield tag="907" ind1=" " ind2=" ">
<subfield code="a">.b16745401</subfield>
<subfield code="b">26-08-20</subfield>
<subfield code="c">19-07-13</subfield>
</datafield>
<datafield tag="945" ind1=" " ind2=" ">
<subfield code="a">CAJ 63-1462ar</subfield>
<subfield code="g">1</subfield>
<subfield code="l">100d</subfield>
<subfield code="n">DIGITALIZACION 2020</subfield>
<subfield code="o">d</subfield>
<subfield code="p">&amp;#x20ac;0.00</subfield>
<subfield code="q">-</subfield>
<subfield code="r">c</subfield>
<subfield code="s">-</subfield>
<subfield code="t">11</subfield>
<subfield code="u">0</subfield>
<subfield code="v">0</subfield>
<subfield code="w">0</subfield>
<subfield code="x">0</subfield>
<subfield code="y">.i20502734</subfield>
<subfield code="z">19-07-13</subfield>
</datafield>
<datafield tag="970" ind1=" " ind2=" ">
<subfield code="a">CAJ_63_1462ar</subfield>
</datafield>
<datafield tag="980" ind1=" " ind2=" ">
<subfield code="a">FH</subfield>
<subfield code="b">fondos-xx</subfield>
</datafield>
<datafield tag="998" ind1=" " ind2=" ">
<subfield code="a">100</subfield>
<subfield code="b">19-07-13</subfield>
<subfield code="c">m</subfield>
<subfield code="d">a</subfield>
<subfield code="e">-</subfield>
<subfield code="f">spa</subfield>
<subfield code="g">sp</subfield>
<subfield code="h">3</subfield>
<subfield code="i">0</subfield>
</datafield>
</record>