
<record xmlns="http://www.loc.gov/MARC21/slim/"
xmlns:xsi="http://www.w3.org/2001/XMLSchema-instance"
xsi:schemaLocation="http://www.loc.gov/MARC21/slim
http://www.loc.gov/standards/marcxml/schema/MARC21slim.xsd">

<controlfield tag="008">980519s1911    sp      r     000   spa d</controlfield>
<datafield tag="FFT" ind1=" " ind2=" ">
<subfield code="a">http://biblos.unizar.es/zaguan/METS_MIGUEL/D_22_97/METS_carga_D_22_97.xml</subfield>
<subfield code="d">Fichero METS</subfield>
</datafield>
<datafield tag="FFT" ind1=" " ind2=" ">
<subfield code="a">http://biblos.unizar.es/zaguan/PDFS/D_22_97.pdf</subfield>
<subfield code="d">Texto completo (PDF)</subfield>
<subfield code="x">http://biblos.unizar.es/zaguan/thumbnails_miguel/D_22_97.jpg</subfield>
</datafield>
<datafield tag="037" ind1=" " ind2=" ">
<subfield code="a">D_22_97</subfield>
</datafield>
<datafield tag="040" ind1=" " ind2=" ">
<subfield code="a">UZ.ECON</subfield>
</datafield>
<datafield tag="100" ind1="1" ind2=" ">
<subfield code="a">Martínez Baselga, Pedro,</subfield>
<subfield code="d">1862-1925.</subfield>
</datafield>
<datafield tag="245" ind1="1" ind2="0">
<subfield code="a">Sociología y beneficencia /</subfield>
<subfield code="c">Pedro Martínez Baselga.</subfield>
</datafield>
<datafield tag="260" ind1=" " ind2=" ">
<subfield code="a">Zaragoza :</subfield>
<subfield code="b">[s.n.],</subfield>
<subfield code="c">1911</subfield>
<subfield code="f">(Tip. de Emilio Casañal)</subfield>
</datafield>
<datafield tag="300" ind1=" " ind2=" ">
<subfield code="a">82, III p. ;</subfield>
<subfield code="c">17 cm.</subfield>
</datafield>
<datafield tag="440" ind1=" " ind2="3">
<subfield code="a">Educación Popular.</subfield>
</datafield>
<datafield tag="440" ind1=" " ind2="3">
<subfield code="a">La Escuela Española.</subfield>
</datafield>
<datafield tag="500" ind1=" " ind2=" ">
<subfield code="a">Índices.</subfield>
</datafield>
<datafield tag="506" ind1=" " ind2=" ">
<subfield code="a">Access copy available to the general public</subfield>
<subfield code="f">Unrestricted</subfield>
</datafield>
<datafield tag="540" ind1=" " ind2=" ">
<subfield code="a">by-nc-nd</subfield>
<subfield code="u">http://creativecommons.org/licenses/by-nc-nd/3.0/es/</subfield>
<subfield code="9">info:eu-repo/semantics/openAccess</subfield>
</datafield>
<datafield tag="650" ind1="0" ind2="4">
<subfield code="a">Familia</subfield>
<subfield code="x">Aspectos sociales.</subfield>
</datafield>
<datafield tag="650" ind1="0" ind2="4">
<subfield code="a">Beneficencia</subfield>
<subfield code="z">España.</subfield>
</datafield>
<datafield tag="907" ind1=" " ind2=" ">
<subfield code="a">.b12622849</subfield>
<subfield code="b">26-08-20</subfield>
<subfield code="c">05-10-02</subfield>
</datafield>
<datafield tag="945" ind1=" " ind2=" ">
<subfield code="a">D 22 97</subfield>
<subfield code="g">1</subfield>
<subfield code="i">3203502510</subfield>
<subfield code="l">100d</subfield>
<subfield code="n">DIGITALIZACION 2020</subfield>
<subfield code="o">u</subfield>
<subfield code="p">&amp;#x20ac;0.00</subfield>
<subfield code="q">-</subfield>
<subfield code="r">c</subfield>
<subfield code="s">-</subfield>
<subfield code="t">11</subfield>
<subfield code="u">0</subfield>
<subfield code="v">0</subfield>
<subfield code="w">0</subfield>
<subfield code="x">0</subfield>
<subfield code="y">.i14105445</subfield>
<subfield code="z">05-10-02</subfield>
</datafield>
<datafield tag="970" ind1=" " ind2=" ">
<subfield code="a">D_22_97</subfield>
</datafield>
<datafield tag="980" ind1=" " ind2=" ">
<subfield code="a">FH</subfield>
<subfield code="b">fondos-xx</subfield>
</datafield>
<datafield tag="998" ind1=" " ind2=" ">
<subfield code="a">510</subfield>
<subfield code="a">560</subfield>
<subfield code="a">(3)260</subfield>
<subfield code="a">100</subfield>
<subfield code="b">04-10-02</subfield>
<subfield code="c">m</subfield>
<subfield code="d">a</subfield>
<subfield code="e">-</subfield>
<subfield code="f">spa</subfield>
<subfield code="g">sp</subfield>
<subfield code="h">0</subfield>
<subfield code="i">6</subfield>
</datafield>
</record>