
<record xmlns="http://www.loc.gov/MARC21/slim/"
xmlns:xsi="http://www.w3.org/2001/XMLSchema-instance"
xsi:schemaLocation="http://www.loc.gov/MARC21/slim
http://www.loc.gov/standards/marcxml/schema/MARC21slim.xsd">

<controlfield tag="008">980504s1900    sp      r     001 0 spa d</controlfield>
<datafield tag="FFT" ind1=" " ind2=" ">
<subfield code="a">http://biblos.unizar.es/zaguan/METS_MIGUEL/CAJ_11_251ar/METS_carga_CAJ_11_251ar.xml</subfield>
<subfield code="d">Fichero METS</subfield>
</datafield>
<datafield tag="FFT" ind1=" " ind2=" ">
<subfield code="a">http://biblos.unizar.es/zaguan/PDFS/CAJ_11_251ar.pdf</subfield>
<subfield code="d">Texto completo (PDF)</subfield>
<subfield code="x">http://biblos.unizar.es/zaguan/thumbnails_miguel/CAJ_11_251ar.jpg</subfield>
</datafield>
<datafield tag="037" ind1=" " ind2=" ">
<subfield code="a">CAJ_11_251ar</subfield>
</datafield>
<datafield tag="040" ind1=" " ind2=" ">
<subfield code="a">UZ.FL</subfield>
</datafield>
<datafield tag="080" ind1=" " ind2=" ">
<subfield code="a">371.27</subfield>
</datafield>
<datafield tag="100" ind1="1" ind2=" ">
<subfield code="a">Ribera Tarragó, Julián,</subfield>
<subfield code="d">1858-1934.</subfield>
</datafield>
<datafield tag="245" ind1="1" ind2="3">
<subfield code="a">La supresión de los exámenes /</subfield>
<subfield code="c">Julián Ribera.</subfield>
</datafield>
<datafield tag="260" ind1=" " ind2=" ">
<subfield code="a">Zaragoza :</subfield>
<subfield code="b">Comas hermanos,</subfield>
<subfield code="c">1900.</subfield>
</datafield>
<datafield tag="300" ind1=" " ind2=" ">
<subfield code="a">138, [4] p. ;</subfield>
<subfield code="c">16 cm.</subfield>
</datafield>
<datafield tag="500" ind1=" " ind2=" ">
<subfield code="a">Índices.</subfield>
</datafield>
<datafield tag="506" ind1=" " ind2=" ">
<subfield code="a">Access copy available to the general public</subfield>
<subfield code="f">Unrestricted</subfield>
</datafield>
<datafield tag="540" ind1=" " ind2=" ">
<subfield code="a">by-nc-nd</subfield>
<subfield code="u">http://creativecommons.org/licenses/by-nc-nd/3.0/es/</subfield>
<subfield code="9">info:eu-repo/semantics/openAccess</subfield>
</datafield>
<datafield tag="650" ind1="0" ind2="4">
<subfield code="a">Enseñanza.</subfield>
</datafield>
<datafield tag="650" ind1="0" ind2="4">
<subfield code="a">Exámenes.</subfield>
</datafield>
<datafield tag="700" ind1="1" ind2=" ">
<subfield code="a">Hernández Fajarnés, Antonio,</subfield>
<subfield code="e">ant. pos.</subfield>
</datafield>
<datafield tag="907" ind1=" " ind2=" ">
<subfield code="a">.b12607642</subfield>
<subfield code="b">26-08-20</subfield>
<subfield code="c">05-10-02</subfield>
</datafield>
<datafield tag="907" ind1="0" ind2="0">
<subfield code="a">m</subfield>
<subfield code="c">a</subfield>
<subfield code="d">m</subfield>
<subfield code="e">0</subfield>
<subfield code="f">f3</subfield>
<subfield code="g">010531</subfield>
<subfield code="h">1</subfield>
<subfield code="i">980504</subfield>
</datafield>
<datafield tag="945" ind1=" " ind2=" ">
<subfield code="a">CAJ 11-251ar</subfield>
<subfield code="g">1</subfield>
<subfield code="l">100d</subfield>
<subfield code="n">DIGITALIZACION 2020</subfield>
<subfield code="o">u</subfield>
<subfield code="p">&amp;#x20ac;0.00</subfield>
<subfield code="q">-</subfield>
<subfield code="r">c</subfield>
<subfield code="s">-</subfield>
<subfield code="t">11</subfield>
<subfield code="u">0</subfield>
<subfield code="v">0</subfield>
<subfield code="w">0</subfield>
<subfield code="x">0</subfield>
<subfield code="y">.i1974948x</subfield>
<subfield code="z">20-01-12</subfield>
</datafield>
<datafield tag="970" ind1=" " ind2=" ">
<subfield code="a">x320324973</subfield>
</datafield>
<datafield tag="980" ind1=" " ind2=" ">
<subfield code="a">FH</subfield>
<subfield code="b">fondos-xx</subfield>
</datafield>
<datafield tag="998" ind1=" " ind2=" ">
<subfield code="a">510</subfield>
<subfield code="a">(2)120</subfield>
<subfield code="a">(2)100</subfield>
<subfield code="b">04-10-02</subfield>
<subfield code="c">m</subfield>
<subfield code="d">a</subfield>
<subfield code="e">-</subfield>
<subfield code="f">spa</subfield>
<subfield code="g">sp</subfield>
<subfield code="h">3</subfield>
<subfield code="i">5</subfield>
</datafield>
</record>