
<record xmlns="http://www.loc.gov/MARC21/slim/"
xmlns:xsi="http://www.w3.org/2001/XMLSchema-instance"
xsi:schemaLocation="http://www.loc.gov/MARC21/slim
http://www.loc.gov/standards/marcxml/schema/MARC21slim.xsd">

<controlfield tag="008">200806s1622    sp      r     ||| | spa d</controlfield>
<datafield tag="FFT" ind1=" " ind2=" ">
<subfield code="a">http://biblos.unizar.es/zaguan/METS_MIGUEL/D_32_88/METS_carga_D_32_88.xml</subfield>
<subfield code="d">Fichero METS</subfield>
</datafield>
<datafield tag="FFT" ind1=" " ind2=" ">
<subfield code="a">http://biblos.unizar.es/zaguan/PDFS/D_32_88.pdf</subfield>
<subfield code="d">Texto completo (PDF)</subfield>
<subfield code="x">http://biblos.unizar.es/zaguan/thumbnails_miguel/D_32_88.jpg</subfield>
</datafield>
<datafield tag="037" ind1=" " ind2=" ">
<subfield code="a">D_32_88</subfield>
</datafield>
<datafield tag="040" ind1=" " ind2=" ">
<subfield code="d">ES-ZaU</subfield>
</datafield>
<datafield tag="041" ind1="1" ind2=" ">
<subfield code="a">spa</subfield>
<subfield code="a">por</subfield>
</datafield>
<datafield tag="100" ind1="1" ind2=" ">
<subfield code="a">Jesus, Tomé de</subfield>
<subfield code="c">(O.S.A.),</subfield>
<subfield code="d">ca. 1529-ca. 1582.</subfield>
</datafield>
<datafield tag="245" ind1="1" ind2="0">
<subfield code="a">Trabaios de Jesus /</subfield>
<subfield code="c">que compuso ... Fray Tome de Jesus de la Orden de los Eremitas de S. Agustin ... ; traduzidos de la lengua portuguesa por Christoual Ferreyra y Sampayo [Vida del padre Fr. Tome de Iesus ... compuesta por ... Fray Alexo de Meneses, Arçobispo y primaz de Braga ..., religioso de la misma Orden].</subfield>
</datafield>
<datafield tag="250" ind1=" " ind2=" ">
<subfield code="a">Van añadidos... en esta impression lugares de Escritura y Santos...; con tablas.</subfield>
</datafield>
<datafield tag="260" ind1=" " ind2=" ">
<subfield code="a">En Çaragoça :</subfield>
<subfield code="b">por Pedro Cabarte, y a su costa...,</subfield>
<subfield code="c">1622.</subfield>
</datafield>
<datafield tag="300" ind1=" " ind2=" ">
<subfield code="a">[4], 742, [18] p. ;</subfield>
<subfield code="c">4º.</subfield>
</datafield>
<datafield tag="505" ind1=" " ind2=" ">
<subfield code="a">La "Uida del padre fr. Tome de Iesus...", abarca de la p. 1 a la p. 13.</subfield>
</datafield>
<datafield tag="506" ind1=" " ind2=" ">
<subfield code="a">Access copy available to the general public</subfield>
<subfield code="f">Unrestricted</subfield>
</datafield>
<datafield tag="540" ind1=" " ind2=" ">
<subfield code="a">by-nc-nd</subfield>
<subfield code="u">http://creativecommons.org/licenses/by-nc-nd/3.0/es/</subfield>
<subfield code="9">info:eu-repo/semantics/openAccess</subfield>
</datafield>
<datafield tag="597" ind1=" " ind2=" ">
<subfield code="a">Sign.: [cruz]\p4\s, A-Z\p8\s, 2A-2Z\p8\s, 3A-3B\p8\s.</subfield>
</datafield>
<datafield tag="597" ind1=" " ind2=" ">
<subfield code="a">Texto a dos col.</subfield>
</datafield>
<datafield tag="597" ind1=" " ind2=" ">
<subfield code="a">Port. con grab. xil.</subfield>
</datafield>
<datafield tag="700" ind1="1" ind2=" ">
<subfield code="a">Meneses, Aleixo de</subfield>
<subfield code="c">(O.S.A.),</subfield>
<subfield code="d">1559-1617.</subfield>
<subfield code="t">Uida del padre fr. Tome de Iesus.</subfield>
</datafield>
<datafield tag="700" ind1="1" ind2=" ">
<subfield code="a">Sampayo, Christobal Ferreira y,</subfield>
<subfield code="e">trad.</subfield>
</datafield>
<datafield tag="700" ind1="1" ind2=" ">
<subfield code="a">Cabarte, Pedro,</subfield>
<subfield code="e">imp.</subfield>
</datafield>
<datafield tag="710" ind1="2" ind2=" ">
<subfield code="a">Convento de Nuestra Señora del Carmen (Zaragoza),</subfield>
<subfield code="e">ant. pos.</subfield>
</datafield>
<datafield tag="752" ind1=" " ind2=" ">
<subfield code="a">España</subfield>
<subfield code="b">Aragón</subfield>
<subfield code="d">Zaragoza.</subfield>
</datafield>
<datafield tag="907" ind1=" " ind2=" ">
<subfield code="a">.b18620693</subfield>
<subfield code="b">26-08-20</subfield>
<subfield code="c">06-09-17</subfield>
</datafield>
<datafield tag="927" ind1="1" ind2=" ">
<subfield code="a">100</subfield>
<subfield code="b">jm</subfield>
<subfield code="d">200806</subfield>
</datafield>
<datafield tag="945" ind1=" " ind2=" ">
<subfield code="a">D-32-88</subfield>
<subfield code="g">1</subfield>
<subfield code="l">100an</subfield>
<subfield code="n">DIGITALIZACION 2020</subfield>
<subfield code="o">d</subfield>
<subfield code="p">&amp;#x20ac;0.00</subfield>
<subfield code="q">-</subfield>
<subfield code="r">f</subfield>
<subfield code="s">-</subfield>
<subfield code="t">20</subfield>
<subfield code="u">0</subfield>
<subfield code="v">0</subfield>
<subfield code="w">0</subfield>
<subfield code="x">0</subfield>
<subfield code="y">.i22735768</subfield>
<subfield code="z">06-08-20</subfield>
</datafield>
<datafield tag="970" ind1=" " ind2=" ">
<subfield code="a">CCPB000037562-4</subfield>
</datafield>
<datafield tag="980" ind1=" " ind2=" ">
<subfield code="a">FH</subfield>
<subfield code="b">fondos</subfield>
</datafield>
<datafield tag="998" ind1=" " ind2=" ">
<subfield code="a">100</subfield>
<subfield code="b">06-08-20</subfield>
<subfield code="c">m</subfield>
<subfield code="d">a</subfield>
<subfield code="e">a</subfield>
<subfield code="f">spa</subfield>
<subfield code="g">sp</subfield>
<subfield code="h">0</subfield>
<subfield code="i">0</subfield>
</datafield>
</record>