
<record xmlns="http://www.loc.gov/MARC21/slim/"
xmlns:xsi="http://www.w3.org/2001/XMLSchema-instance"
xsi:schemaLocation="http://www.loc.gov/MARC21/slim
http://www.loc.gov/standards/marcxml/schema/MARC21slim.xsd">

<controlfield tag="008">200820s1615    sp      r     ||| | spa d</controlfield>
<datafield tag="FFT" ind1=" " ind2=" ">
<subfield code="a">http://biblos.unizar.es/zaguan/METS_MIGUEL/D_32_96_8/METS_carga_D_32_96_8.xml</subfield>
<subfield code="d">Fichero METS</subfield>
</datafield>
<datafield tag="FFT" ind1=" " ind2=" ">
<subfield code="a">http://biblos.unizar.es/zaguan/PDFS/D_32_96_8.pdf</subfield>
<subfield code="d">Texto completo (PDF)</subfield>
<subfield code="x">http://biblos.unizar.es/zaguan/thumbnails_miguel/D_32_96_8.jpg</subfield>
</datafield>
<datafield tag="037" ind1=" " ind2=" ">
<subfield code="a">D_32_96_8</subfield>
</datafield>
<datafield tag="040" ind1=" " ind2=" ">
<subfield code="a">CCPB-B</subfield>
<subfield code="b">spa</subfield>
<subfield code="c">CCPB-B</subfield>
<subfield code="d">ES-ZaU</subfield>
<subfield code="e">rdc</subfield>
</datafield>
<datafield tag="110" ind1="2" ind2=" ">
<subfield code="a">Dominicos.</subfield>
<subfield code="b">Capítulo General (</subfield>
<subfield code="c">Soriano Calabro)</subfield>
<subfield code="d">1615.</subfield>
</datafield>
<datafield tag="245" ind1="1" ind2="0">
<subfield code="a">Acta capituli generalis bononiae. in Conventu Sancti Dominici Ordinis Praedicatorum celebrati. in festo sanctissimae.</subfield>
</datafield>
<datafield tag="260" ind1=" " ind2=" ">
<subfield code="a">Caesaraugustae :</subfield>
<subfield code="b">apud Ioannem à Lanaja &amp; Quartanet,</subfield>
<subfield code="c">1615.</subfield>
</datafield>
<datafield tag="300" ind1=" " ind2=" ">
<subfield code="a">[4], 60 p. ;</subfield>
<subfield code="c">8º.</subfield>
</datafield>
<datafield tag="506" ind1=" " ind2=" ">
<subfield code="a">Access copy available to the general public</subfield>
<subfield code="f">Unrestricted</subfield>
</datafield>
<datafield tag="540" ind1=" " ind2=" ">
<subfield code="a">by-nc-nd</subfield>
<subfield code="u">http://creativecommons.org/licenses/by-nc-nd/3.0/es/</subfield>
<subfield code="9">info:eu-repo/semantics/openAccess</subfield>
</datafield>
<datafield tag="597" ind1=" " ind2=" ">
<subfield code="a">Sign.: A-D\p8\s.</subfield>
</datafield>
<datafield tag="597" ind1=" " ind2=" ">
<subfield code="a">Port. con orla tip.</subfield>
</datafield>
<datafield tag="610" ind1="2" ind2="4">
<subfield code="a">Dominicos</subfield>
<subfield code="v">Fuentes.</subfield>
<subfield code="x">Historia</subfield>
<subfield code="z">Italia</subfield>
</datafield>
<datafield tag="700" ind1="1" ind2=" ">
<subfield code="a">Lanaja Quartanet, Juan de,</subfield>
<subfield code="e">imp.</subfield>
</datafield>
<datafield tag="752" ind1=" " ind2=" ">
<subfield code="a">España</subfield>
<subfield code="b">Aragón</subfield>
<subfield code="d">Zaragoza.</subfield>
</datafield>
<datafield tag="907" ind1=" " ind2=" ">
<subfield code="a">.b18768234</subfield>
<subfield code="b">26-08-20</subfield>
<subfield code="c">06-09-17</subfield>
</datafield>
<datafield tag="927" ind1="1" ind2=" ">
<subfield code="a">100</subfield>
<subfield code="b">pm</subfield>
<subfield code="d">200820</subfield>
</datafield>
<datafield tag="945" ind1=" " ind2=" ">
<subfield code="a">D-32-96 (8)</subfield>
<subfield code="g">1</subfield>
<subfield code="l">100an</subfield>
<subfield code="n">DIGITALIZACION 2020</subfield>
<subfield code="o">d</subfield>
<subfield code="p">&amp;#x20ac;0.00</subfield>
<subfield code="q">-</subfield>
<subfield code="r">f</subfield>
<subfield code="s">-</subfield>
<subfield code="t">20</subfield>
<subfield code="u">0</subfield>
<subfield code="v">0</subfield>
<subfield code="w">0</subfield>
<subfield code="x">0</subfield>
<subfield code="y">.i2274468x</subfield>
<subfield code="z">20-08-20</subfield>
</datafield>
<datafield tag="970" ind1=" " ind2=" ">
<subfield code="a">CCPB000425462-7</subfield>
</datafield>
<datafield tag="980" ind1=" " ind2=" ">
<subfield code="a">FH</subfield>
<subfield code="b">fondos</subfield>
</datafield>
<datafield tag="998" ind1=" " ind2=" ">
<subfield code="a">100</subfield>
<subfield code="b">20-08-20</subfield>
<subfield code="c">m</subfield>
<subfield code="d">a</subfield>
<subfield code="e">a</subfield>
<subfield code="f">spa</subfield>
<subfield code="g">sp</subfield>
<subfield code="h">0</subfield>
<subfield code="i">0</subfield>
</datafield>
</record>