
<record xmlns="http://www.loc.gov/MARC21/slim/"
xmlns:xsi="http://www.w3.org/2001/XMLSchema-instance"
xsi:schemaLocation="http://www.loc.gov/MARC21/slim
http://www.loc.gov/standards/marcxml/schema/MARC21slim.xsd">

<controlfield tag="008">140923s1601    sp     |r    |||||||spa c</controlfield>
<datafield tag="FFT" ind1=" " ind2=" ">
<subfield code="a">http://biblos.unizar.es/zaguan/METS_MIGUEL/H_4_146_3/METS_carga_H_4_146_3.xml</subfield>
<subfield code="d">Fichero METS</subfield>
</datafield>
<datafield tag="FFT" ind1=" " ind2=" ">
<subfield code="a">http://biblos.unizar.es/zaguan/PDFS/H_4_146_3.pdf</subfield>
<subfield code="d">Texto completo (PDF)</subfield>
<subfield code="x">http://biblos.unizar.es/zaguan/thumbnails_miguel/H_4_146_3.jpg</subfield>
</datafield>
<datafield tag="037" ind1=" " ind2=" ">
<subfield code="a">H_4_146_3</subfield>
</datafield>
<datafield tag="040" ind1=" " ind2=" ">
<subfield code="a">CCPB.</subfield>
<subfield code="d">SpMaUCBH</subfield>
</datafield>
<datafield tag="100" ind1="1" ind2=" ">
<subfield code="a">Carrillo, Martín,</subfield>
<subfield code="d">1561-1630.</subfield>
</datafield>
<datafield tag="245" ind1="1" ind2="0">
<subfield code="a">Explicacion de la bula de los difuntos :</subfield>
<subfield code="b">en la qual se trata de las penas y lugar del purgatorio y como pueden ser ayudadas las Animas de los difuntos con las oraciones y sufragios de los viuos /</subfield>
<subfield code="c">por el doctor Martin Carrillo ...</subfield>
</datafield>
<datafield tag="260" ind1=" " ind2=" ">
<subfield code="a">En Çaragoça :</subfield>
<subfield code="b">por Iuan Perez de Valdiuielso,</subfield>
<subfield code="c">1601</subfield>
<subfield code="g">(1600)</subfield>
</datafield>
<datafield tag="300" ind1=" " ind2=" ">
<subfield code="a">[24], 268, [10], [2] en bl., [15], [1] p. ;</subfield>
<subfield code="c">4º</subfield>
</datafield>
<datafield tag="506" ind1=" " ind2=" ">
<subfield code="a">Access copy available to the general public</subfield>
<subfield code="f">Unrestricted</subfield>
</datafield>
<datafield tag="510" ind1="4" ind2=" ">
<subfield code="a">CCBE S. XVI,</subfield>
<subfield code="c">C, 805.</subfield>
</datafield>
<datafield tag="540" ind1=" " ind2=" ">
<subfield code="a">by-nc-nd</subfield>
<subfield code="u">http://creativecommons.org/licenses/by-nc-nd/3.0/es/</subfield>
<subfield code="9">info:eu-repo/semantics/openAccess</subfield>
</datafield>
<datafield tag="610" ind1="2" ind2="4">
<subfield code="a">Iglesia Católica.</subfield>
<subfield code="b">Papa (1592-1605 : Clemente VIII).</subfield>
<subfield code="t">Bula de Difuntos</subfield>
<subfield code="v">Obras anteriores a 1800.</subfield>
<subfield code="x">Comentarios</subfield>
</datafield>
<datafield tag="650" ind1="0" ind2="4">
<subfield code="a">Purgatorio</subfield>
<subfield code="v">Obras anteriores a 1800.</subfield>
</datafield>
<datafield tag="700" ind1="1" ind2=" ">
<subfield code="a">Pérez de Valdivielso, Juan,</subfield>
<subfield code="e">imp.</subfield>
</datafield>
<datafield tag="752" ind1=" " ind2=" ">
<subfield code="a">España.</subfield>
<subfield code="d">Zaragoza.</subfield>
</datafield>
<datafield tag="907" ind1=" " ind2=" ">
<subfield code="a">.b17009194</subfield>
<subfield code="b">14-05-19</subfield>
<subfield code="c">23-09-14</subfield>
</datafield>
<datafield tag="945" ind1=" " ind2=" ">
<subfield code="a">H-4-146 (3)</subfield>
<subfield code="g">0</subfield>
<subfield code="l">100an</subfield>
<subfield code="n">DIGITALIZACION 2020</subfield>
<subfield code="n">Muy raro</subfield>
<subfield code="o">u</subfield>
<subfield code="p">&amp;#x20ac;0.00</subfield>
<subfield code="q">-</subfield>
<subfield code="r">f</subfield>
<subfield code="s">-</subfield>
<subfield code="t">20</subfield>
<subfield code="u">0</subfield>
<subfield code="v">0</subfield>
<subfield code="w">0</subfield>
<subfield code="x">0</subfield>
<subfield code="y">.i20921172</subfield>
<subfield code="z">23-09-14</subfield>
</datafield>
<datafield tag="970" ind1=" " ind2=" ">
<subfield code="a">CCPB000039935-3</subfield>
</datafield>
<datafield tag="980" ind1=" " ind2=" ">
<subfield code="a">FH</subfield>
<subfield code="b">fondos</subfield>
</datafield>
<datafield tag="998" ind1=" " ind2=" ">
<subfield code="a">100</subfield>
<subfield code="b">23-09-14</subfield>
<subfield code="c">m</subfield>
<subfield code="d">a</subfield>
<subfield code="e">a</subfield>
<subfield code="f">spa</subfield>
<subfield code="g">sp</subfield>
<subfield code="h">0</subfield>
<subfield code="i">0</subfield>
</datafield>
</record>