
<record xmlns="http://www.loc.gov/MARC21/slim/"
xmlns:xsi="http://www.w3.org/2001/XMLSchema-instance"
xsi:schemaLocation="http://www.loc.gov/MARC21/slim
http://www.loc.gov/standards/marcxml/schema/MARC21slim.xsd">

<controlfield tag="008">940519s1907    sp      r     000 0 spa d</controlfield>
<datafield tag="FFT" ind1=" " ind2=" ">
<subfield code="a">http://biblos.unizar.es/zaguan/METS_MIGUEL/CAJ_4_64ar/METS_carga_CAJ_4_64ar.xml</subfield>
<subfield code="d">Fichero METS</subfield>
</datafield>
<datafield tag="FFT" ind1=" " ind2=" ">
<subfield code="a">http://biblos.unizar.es/zaguan/PDFS/CAJ_4_64ar.pdf</subfield>
<subfield code="d">Texto completo (PDF)</subfield>
<subfield code="x">http://biblos.unizar.es/zaguan/thumbnails_miguel/CAJ_4_64ar.jpg</subfield>
</datafield>
<datafield tag="037" ind1=" " ind2=" ">
<subfield code="a">CAJ_4_64ar</subfield>
</datafield>
<datafield tag="040" ind1=" " ind2=" ">
<subfield code="a">UZ.VET</subfield>
</datafield>
<datafield tag="080" ind1=" " ind2=" ">
<subfield code="a">372.45</subfield>
</datafield>
<datafield tag="100" ind1="1" ind2=" ">
<subfield code="a">Martínez Baselga, Pedro,</subfield>
<subfield code="d">1862-1925.</subfield>
</datafield>
<datafield tag="245" ind1="1" ind2="0">
<subfield code="a">Cartilla para escribir en seis dias /</subfield>
<subfield code="c">por Pedro Martínez Baselga.</subfield>
</datafield>
<datafield tag="260" ind1=" " ind2=" ">
<subfield code="a">Zaragoza :</subfield>
<subfield code="b">Impr. de Abadía y Capapé,</subfield>
<subfield code="c">1907.</subfield>
</datafield>
<datafield tag="300" ind1=" " ind2=" ">
<subfield code="a">21 p. ;</subfield>
<subfield code="c">15 cm.</subfield>
</datafield>
<datafield tag="506" ind1=" " ind2=" ">
<subfield code="a">Access copy available to the general public</subfield>
<subfield code="f">Unrestricted</subfield>
</datafield>
<datafield tag="540" ind1=" " ind2=" ">
<subfield code="a">by-nc-nd</subfield>
<subfield code="u">http://creativecommons.org/licenses/by-nc-nd/3.0/es/</subfield>
<subfield code="9">info:eu-repo/semantics/openAccess</subfield>
</datafield>
<datafield tag="650" ind1="0" ind2="4">
<subfield code="a">Escritura</subfield>
<subfield code="x">Aprendizaje.</subfield>
</datafield>
<datafield tag="700" ind1="1" ind2=" ">
<subfield code="a">Abadía y Capapé,</subfield>
<subfield code="e">imp.</subfield>
</datafield>
<datafield tag="700" ind1="1" ind2=" ">
<subfield code="a">Martínez Baselga, Pedro,</subfield>
<subfield code="d">1862-1925,</subfield>
<subfield code="e">ant. pos.</subfield>
</datafield>
<datafield tag="907" ind1=" " ind2=" ">
<subfield code="a">.b14216930</subfield>
<subfield code="b">26-08-20</subfield>
<subfield code="c">19-05-04</subfield>
</datafield>
<datafield tag="945" ind1=" " ind2=" ">
<subfield code="a">CAJ 4-64ar</subfield>
<subfield code="g">1</subfield>
<subfield code="l">100d</subfield>
<subfield code="n">DIGITALIZACION 2020</subfield>
<subfield code="o">d</subfield>
<subfield code="p">&amp;#x20ac;0.00</subfield>
<subfield code="q">-</subfield>
<subfield code="r">c</subfield>
<subfield code="s">-</subfield>
<subfield code="t">11</subfield>
<subfield code="u">0</subfield>
<subfield code="v">0</subfield>
<subfield code="w">0</subfield>
<subfield code="x">0</subfield>
<subfield code="y">.i19673425</subfield>
<subfield code="z">27-10-11</subfield>
</datafield>
<datafield tag="970" ind1=" " ind2=" ">
<subfield code="a">CAJ_4_64ar</subfield>
</datafield>
<datafield tag="980" ind1=" " ind2=" ">
<subfield code="a">FH</subfield>
<subfield code="b">fondos-xx</subfield>
</datafield>
<datafield tag="998" ind1=" " ind2=" ">
<subfield code="a">260</subfield>
<subfield code="a">100</subfield>
<subfield code="b">19-05-04</subfield>
<subfield code="c">m</subfield>
<subfield code="d">a</subfield>
<subfield code="e">-</subfield>
<subfield code="f">spa</subfield>
<subfield code="g">sp</subfield>
<subfield code="h">0</subfield>
<subfield code="i">2</subfield>
</datafield>
</record>