
<record xmlns="http://www.loc.gov/MARC21/slim/"
xmlns:xsi="http://www.w3.org/2001/XMLSchema-instance"
xsi:schemaLocation="http://www.loc.gov/MARC21/slim
http://www.loc.gov/standards/marcxml/schema/MARC21slim.xsd">

<controlfield tag="008">020912s1903    sp      r     000   spa d</controlfield>
<datafield tag="FFT" ind1=" " ind2=" ">
<subfield code="a">http://biblos.unizar.es/zaguan/METS_MIGUEL/D_35_127/METS_carga_D_35_127.xml</subfield>
<subfield code="d">Fichero METS</subfield>
</datafield>
<datafield tag="FFT" ind1=" " ind2=" ">
<subfield code="a">http://biblos.unizar.es/zaguan/PDFS/D_35_127.pdf</subfield>
<subfield code="d">Texto completo (PDF)</subfield>
<subfield code="x">http://biblos.unizar.es/zaguan/thumbnails_miguel/D_35_127.jpg</subfield>
</datafield>
<datafield tag="037" ind1=" " ind2=" ">
<subfield code="a">D_35_127</subfield>
</datafield>
<datafield tag="040" ind1=" " ind2=" ">
<subfield code="a">UZ.EEMP</subfield>
</datafield>
<datafield tag="100" ind1="1" ind2=" ">
<subfield code="a">Martínez Baselga, Pedro,</subfield>
<subfield code="d">1862-1925.</subfield>
</datafield>
<datafield tag="245" ind1="1" ind2="4">
<subfield code="a">Las penas del hombre :</subfield>
<subfield code="b">patología social española /</subfield>
<subfield code="c">por Pedro Martínez Baselga.</subfield>
</datafield>
<datafield tag="260" ind1=" " ind2=" ">
<subfield code="a">Zaragoza :</subfield>
<subfield code="b">[s.n.],</subfield>
<subfield code="c">1903</subfield>
<subfield code="f">(Imp. de F. Villagrasa)</subfield>
</datafield>
<datafield tag="300" ind1=" " ind2=" ">
<subfield code="a">452 p. ;</subfield>
<subfield code="c">23 cm.</subfield>
</datafield>
<datafield tag="500" ind1=" " ind2=" ">
<subfield code="a">Índices.</subfield>
</datafield>
<datafield tag="506" ind1=" " ind2=" ">
<subfield code="a">Access copy available to the general public</subfield>
<subfield code="f">Unrestricted</subfield>
</datafield>
<datafield tag="540" ind1=" " ind2=" ">
<subfield code="a">by-nc-nd</subfield>
<subfield code="u">http://creativecommons.org/licenses/by-nc-nd/3.0/es/</subfield>
<subfield code="9">info:eu-repo/semantics/openAccess</subfield>
</datafield>
<datafield tag="651" ind1=" " ind2="4">
<subfield code="a">España</subfield>
<subfield code="x">Situación social</subfield>
<subfield code="y">S. XIX-XX.</subfield>
</datafield>
<datafield tag="651" ind1=" " ind2="4">
<subfield code="a">España</subfield>
<subfield code="x">Situación económica</subfield>
<subfield code="y">S. XIX-XX.</subfield>
</datafield>
<datafield tag="907" ind1=" " ind2=" ">
<subfield code="a">.b13215826</subfield>
<subfield code="b">31-08-20</subfield>
<subfield code="c">07-10-02</subfield>
</datafield>
<datafield tag="907" ind1="0" ind2="0">
<subfield code="a">m</subfield>
<subfield code="c">a</subfield>
<subfield code="d">m</subfield>
<subfield code="e">0</subfield>
<subfield code="f">lh</subfield>
<subfield code="g">020912</subfield>
<subfield code="h">0</subfield>
<subfield code="i">020912</subfield>
</datafield>
<datafield tag="945" ind1=" " ind2=" ">
<subfield code="a">D-35-127</subfield>
<subfield code="g">1</subfield>
<subfield code="l">100d</subfield>
<subfield code="n">DIGITALIZACION 2020</subfield>
<subfield code="o">d</subfield>
<subfield code="p">&amp;#x20ac;0.00</subfield>
<subfield code="r">c</subfield>
<subfield code="s">-</subfield>
<subfield code="t">11</subfield>
<subfield code="u">0</subfield>
<subfield code="v">0</subfield>
<subfield code="w">0</subfield>
<subfield code="x">0</subfield>
<subfield code="y">.i22746419</subfield>
<subfield code="z">21-08-20</subfield>
</datafield>
<datafield tag="970" ind1=" " ind2=" ">
<subfield code="a">x321028448</subfield>
</datafield>
<datafield tag="980" ind1=" " ind2=" ">
<subfield code="a">FH</subfield>
<subfield code="b">fondos-xx</subfield>
</datafield>
<datafield tag="998" ind1=" " ind2=" ">
<subfield code="a">580</subfield>
<subfield code="a">(2)260</subfield>
<subfield code="a">100</subfield>
<subfield code="b">04-10-02</subfield>
<subfield code="c">m</subfield>
<subfield code="d">a</subfield>
<subfield code="e">-</subfield>
<subfield code="f">spa</subfield>
<subfield code="g">sp</subfield>
<subfield code="h">4</subfield>
<subfield code="i">4</subfield>
</datafield>
</record>