
<record xmlns="http://www.loc.gov/MARC21/slim/"
xmlns:xsi="http://www.w3.org/2001/XMLSchema-instance"
xsi:schemaLocation="http://www.loc.gov/MARC21/slim
http://www.loc.gov/standards/marcxml/schema/MARC21slim.xsd">

<controlfield tag="008">170630s1911    sp      r     0     spa d</controlfield>
<datafield tag="FFT" ind1=" " ind2=" ">
<subfield code="a">http://biblos.unizar.es/zaguan/METS_MIGUEL/A_3_105/METS_carga_A_3_105.xml</subfield>
<subfield code="d">Fichero METS</subfield>
</datafield>
<datafield tag="FFT" ind1=" " ind2=" ">
<subfield code="a">http://biblos.unizar.es/zaguan/PDFS/A_3_105.pdf</subfield>
<subfield code="d">Texto completo (PDF)</subfield>
<subfield code="x">http://biblos.unizar.es/zaguan/thumbnails_miguel/A_3_105.jpg</subfield>
</datafield>
<datafield tag="037" ind1=" " ind2=" ">
<subfield code="a">A_3_105</subfield>
</datafield>
<datafield tag="040" ind1=" " ind2=" ">
<subfield code="a">AR</subfield>
<subfield code="b">spa</subfield>
<subfield code="c">AR</subfield>
<subfield code="d">ES-ZaU</subfield>
</datafield>
<datafield tag="245" ind1="0" ind2="0">
<subfield code="a">Libro de oro :</subfield>
<subfield code="b">Exposición Hispano-Francesa de 1908 : crónica ilustrada /</subfield>
<subfield code="c">escrita bajo la dirección de Rafael Pamplona Escudero.</subfield>
</datafield>
<datafield tag="250" ind1=" " ind2=" ">
<subfield code="a">Edición oficial.</subfield>
</datafield>
<datafield tag="260" ind1=" " ind2=" ">
<subfield code="a">Zaragoza :</subfield>
<subfield code="b">[s.n.],</subfield>
<subfield code="c">1911</subfield>
<subfield code="f">(Heraldo de Aragón)</subfield>
</datafield>
<datafield tag="300" ind1=" " ind2=" ">
<subfield code="a">383 p. :</subfield>
<subfield code="b">lám., il. n. ;</subfield>
<subfield code="c">31 cm.</subfield>
</datafield>
<datafield tag="506" ind1=" " ind2=" ">
<subfield code="a">Access copy available to the general public</subfield>
<subfield code="f">Unrestricted</subfield>
</datafield>
<datafield tag="540" ind1=" " ind2=" ">
<subfield code="a">by-nc-nd</subfield>
<subfield code="u">http://creativecommons.org/licenses/by-nc-nd/3.0/es/</subfield>
<subfield code="9">info:eu-repo/semantics/openAccess</subfield>
</datafield>
<datafield tag="594" ind1=" " ind2=" ">
<subfield code="a">En cub. aparece grabado: Exposición Hispano-Francesa de Zaragoza MCMVIII.</subfield>
</datafield>
<datafield tag="599" ind1=" " ind2=" ">
<subfield code="a">Contiene fotografías bn. a toda p. e intercaladas en el texto.</subfield>
</datafield>
<datafield tag="610" ind1="2" ind2="4">
<subfield code="a">Exposición Hispano-Francesa</subfield>
<subfield code="c">Zaragoza)</subfield>
<subfield code="d">(1908.</subfield>
<subfield code="v">Exposiciones</subfield>
</datafield>
<datafield tag="650" ind1="0" ind2="4">
<subfield code="a">Arte</subfield>
<subfield code="v">Catálogos y exposiciones.</subfield>
</datafield>
<datafield tag="650" ind1="0" ind2="4">
<subfield code="a">Industria</subfield>
<subfield code="v">Catálogos y exposiciones.</subfield>
</datafield>
<datafield tag="700" ind1="1" ind2=" ">
<subfield code="a">Pamplona Escudero, Rafael,</subfield>
<subfield code="d">1865-1928,</subfield>
<subfield code="e">dir.</subfield>
</datafield>
<datafield tag="710" ind1="2" ind2=" ">
<subfield code="a">Heraldo de Aragon (Zaragoza),</subfield>
<subfield code="e">imp.</subfield>
</datafield>
<datafield tag="752" ind1=" " ind2=" ">
<subfield code="a">España</subfield>
<subfield code="b">Aragón</subfield>
<subfield code="d">Zaragoza.</subfield>
</datafield>
<datafield tag="907" ind1=" " ind2=" ">
<subfield code="a">.b18575328</subfield>
<subfield code="b">26-08-20</subfield>
<subfield code="c">30-06-17</subfield>
</datafield>
<datafield tag="927" ind1="1" ind2=" ">
<subfield code="a">100</subfield>
<subfield code="b">jm</subfield>
<subfield code="d">170630</subfield>
</datafield>
<datafield tag="945" ind1=" " ind2=" ">
<subfield code="a">A-3-105</subfield>
<subfield code="g">0</subfield>
<subfield code="l">100an</subfield>
<subfield code="n">DIGITALIZACION 2020</subfield>
<subfield code="o">u</subfield>
<subfield code="p">&amp;#x20ac;0.00</subfield>
<subfield code="q">-</subfield>
<subfield code="r">f</subfield>
<subfield code="s">-</subfield>
<subfield code="t">20</subfield>
<subfield code="u">0</subfield>
<subfield code="v">0</subfield>
<subfield code="w">0</subfield>
<subfield code="x">0</subfield>
<subfield code="y">.i2192451x</subfield>
<subfield code="z">30-06-17</subfield>
</datafield>
<datafield tag="970" ind1=" " ind2=" ">
<subfield code="a">ocm00001842-x</subfield>
</datafield>
<datafield tag="980" ind1=" " ind2=" ">
<subfield code="a">FH</subfield>
<subfield code="b">fondos-xx</subfield>
</datafield>
<datafield tag="998" ind1=" " ind2=" ">
<subfield code="a">120</subfield>
<subfield code="a">(2)100</subfield>
<subfield code="b">30-06-17</subfield>
<subfield code="c">m</subfield>
<subfield code="d">a</subfield>
<subfield code="e">a</subfield>
<subfield code="f">spa</subfield>
<subfield code="g">sp</subfield>
<subfield code="h">0</subfield>
<subfield code="i">3</subfield>
</datafield>
</record>