
<record xmlns="http://www.loc.gov/MARC21/slim/"
xmlns:xsi="http://www.w3.org/2001/XMLSchema-instance"
xsi:schemaLocation="http://www.loc.gov/MARC21/slim
http://www.loc.gov/standards/marcxml/schema/MARC21slim.xsd">

<controlfield tag="008">940202s1888    sp      r     000 0 spa d</controlfield>
<datafield tag="FFT" ind1=" " ind2=" ">
<subfield code="a">http://biblos.unizar.es/zaguan/METS_MIGUEL/G_31_200/METS_carga_G_31_200.xml</subfield>
<subfield code="d">Fichero METS</subfield>
</datafield>
<datafield tag="FFT" ind1=" " ind2=" ">
<subfield code="a">http://biblos.unizar.es/zaguan/PDFS/G_31_200.pdf</subfield>
<subfield code="d">Texto completo (PDF)</subfield>
<subfield code="x">http://biblos.unizar.es/zaguan/thumbnails_miguel/G_31_200.jpg</subfield>
</datafield>
<datafield tag="037" ind1=" " ind2=" ">
<subfield code="a">G_31_200</subfield>
</datafield>
<datafield tag="040" ind1=" " ind2=" ">
<subfield code="d">UZ.FL</subfield>
</datafield>
<datafield tag="100" ind1="1" ind2=" ">
<subfield code="a">Gimeno y Fernández-Vizarra, Joaquín.</subfield>
</datafield>
<datafield tag="245" ind1="1" ind2="0">
<subfield code="a">¡Vamos muy despacio! :</subfield>
<subfield code="b">Zaragoza en 1887 : estudio crítico-descriptivo /</subfield>
<subfield code="c">por Joaquín Gimeno F. Vizarra ; con prólogo original de Joaquín Martón y Gavín.</subfield>
</datafield>
<datafield tag="246" ind1="1" ind2="0">
<subfield code="a">Zaragoza en 1887.</subfield>
</datafield>
<datafield tag="260" ind1=" " ind2=" ">
<subfield code="a">Zaragoza :</subfield>
<subfield code="b">[s.n.],</subfield>
<subfield code="c">1888</subfield>
<subfield code="f">(Tip. de la Derecha)</subfield>
</datafield>
<datafield tag="300" ind1=" " ind2=" ">
<subfield code="a">LXVIII, 198 p. ;</subfield>
<subfield code="c">21 cm.</subfield>
</datafield>
<datafield tag="506" ind1=" " ind2=" ">
<subfield code="a">Access copy available to the general public</subfield>
<subfield code="f">Unrestricted</subfield>
</datafield>
<datafield tag="540" ind1=" " ind2=" ">
<subfield code="a">by-nc-nd</subfield>
<subfield code="u">http://creativecommons.org/licenses/by-nc-nd/3.0/es/</subfield>
<subfield code="9">info:eu-repo/semantics/openAccess</subfield>
</datafield>
<datafield tag="650" ind1="0" ind2="4">
<subfield code="a">Aragoneses.</subfield>
</datafield>
<datafield tag="700" ind1="1" ind2=" ">
<subfield code="a">Marton y Gavín, Joaquín,</subfield>
<subfield code="e">pr.</subfield>
</datafield>
<datafield tag="907" ind1=" " ind2=" ">
<subfield code="a">.b13140188</subfield>
<subfield code="b">26-08-20</subfield>
<subfield code="c">07-10-02</subfield>
</datafield>
<datafield tag="945" ind1=" " ind2=" ">
<subfield code="a">G 31 200</subfield>
<subfield code="g">0</subfield>
<subfield code="l">100d</subfield>
<subfield code="n">DIGITALIZACION 2020</subfield>
<subfield code="o">u</subfield>
<subfield code="p">&amp;#x20ac;0.00</subfield>
<subfield code="q">-</subfield>
<subfield code="r">f</subfield>
<subfield code="s">-</subfield>
<subfield code="t">20</subfield>
<subfield code="u">0</subfield>
<subfield code="v">0</subfield>
<subfield code="w">0</subfield>
<subfield code="x">0</subfield>
<subfield code="y">.i20222592</subfield>
<subfield code="z">20-02-13</subfield>
</datafield>
<datafield tag="970" ind1=" " ind2=" ">
<subfield code="a">G_31_200</subfield>
</datafield>
<datafield tag="980" ind1=" " ind2=" ">
<subfield code="a">FH</subfield>
<subfield code="b">fondos</subfield>
</datafield>
<datafield tag="998" ind1=" " ind2=" ">
<subfield code="a">(2)100</subfield>
<subfield code="a">126</subfield>
<subfield code="b">04-10-02</subfield>
<subfield code="c">m</subfield>
<subfield code="d">a</subfield>
<subfield code="e">a</subfield>
<subfield code="f">spa</subfield>
<subfield code="g">sp</subfield>
<subfield code="h">0</subfield>
<subfield code="i">3</subfield>
</datafield>
</record>