
<record xmlns="http://www.loc.gov/MARC21/slim/"
xmlns:xsi="http://www.w3.org/2001/XMLSchema-instance"
xsi:schemaLocation="http://www.loc.gov/MARC21/slim
http://www.loc.gov/standards/marcxml/schema/MARC21slim.xsd">

<controlfield tag="008">200806s1627    sp      r     ||| | lat d</controlfield>
<datafield tag="FFT" ind1=" " ind2=" ">
<subfield code="a">http://biblos.unizar.es/zaguan/METS_MIGUEL/D_62_42/METS_carga_D_62_42.xml</subfield>
<subfield code="d">Fichero METS</subfield>
</datafield>
<datafield tag="FFT" ind1=" " ind2=" ">
<subfield code="a">http://biblos.unizar.es/zaguan/PDFS/D_62_42.pdf</subfield>
<subfield code="d">Texto completo (PDF)</subfield>
<subfield code="x">http://biblos.unizar.es/zaguan/thumbnails_miguel/D_62_42.jpg</subfield>
</datafield>
<datafield tag="037" ind1=" " ind2=" ">
<subfield code="a">D_62_42</subfield>
</datafield>
<datafield tag="040" ind1=" " ind2=" ">
<subfield code="a">CAM</subfield>
<subfield code="b">spa</subfield>
<subfield code="c">PAB</subfield>
<subfield code="d">ES-ZaU</subfield>
</datafield>
<datafield tag="100" ind1="1" ind2=" ">
<subfield code="a">Vives, Juan Luis,</subfield>
<subfield code="d">1492-1540.</subfield>
</datafield>
<datafield tag="245" ind1="1" ind2="0">
<subfield code="a">Linguae latinae exercitatio /</subfield>
<subfield code="c">Io. Ludo. Vives ... ; annotationes praeterea ... Petri Mottae ... ; cum indice latino hispanico ... Ioanne Ramirez compilato.</subfield>
</datafield>
<datafield tag="260" ind1=" " ind2=" ">
<subfield code="a">Caesar :</subfield>
<subfield code="b">in Typ. Offic. Regij Nosocomi Deiparae de Gratia,</subfield>
<subfield code="c">1627.</subfield>
</datafield>
<datafield tag="300" ind1=" " ind2=" ">
<subfield code="a">190 p. ;</subfield>
<subfield code="c">8º.</subfield>
</datafield>
<datafield tag="506" ind1=" " ind2=" ">
<subfield code="a">Access copy available to the general public</subfield>
<subfield code="f">Unrestricted</subfield>
</datafield>
<datafield tag="540" ind1=" " ind2=" ">
<subfield code="a">by-nc-nd</subfield>
<subfield code="u">http://creativecommons.org/licenses/by-nc-nd/3.0/es/</subfield>
<subfield code="9">info:eu-repo/semantics/openAccess</subfield>
</datafield>
<datafield tag="597" ind1=" " ind2=" ">
<subfield code="a">Sign.: A-L\p8\s, M\p7\s.</subfield>
</datafield>
<datafield tag="597" ind1=" " ind2=" ">
<subfield code="a">Port. enmarcada con esc. xil.</subfield>
</datafield>
<datafield tag="650" ind1="0" ind2="4">
<subfield code="a">Lengua latina</subfield>
<subfield code="x">Obras anteriores a 1800.</subfield>
</datafield>
<datafield tag="700" ind1="1" ind2=" ">
<subfield code="a">Mota, Pedro,</subfield>
<subfield code="d">m. 1556,</subfield>
<subfield code="e">anot.</subfield>
</datafield>
<datafield tag="700" ind1="1" ind2=" ">
<subfield code="a">Ramirez, Juan.</subfield>
</datafield>
<datafield tag="710" ind1="2" ind2=" ">
<subfield code="a">Hospital Real y General de Nuestra Señora de Gracia (Zaragoza),</subfield>
<subfield code="e">imp.</subfield>
</datafield>
<datafield tag="752" ind1=" " ind2=" ">
<subfield code="a">España</subfield>
<subfield code="b">Aragón</subfield>
<subfield code="d">Zaragoza.</subfield>
</datafield>
<datafield tag="907" ind1=" " ind2=" ">
<subfield code="a">.b18645008</subfield>
<subfield code="b">26-08-20</subfield>
<subfield code="c">06-09-17</subfield>
</datafield>
<datafield tag="927" ind1="1" ind2=" ">
<subfield code="a">100</subfield>
<subfield code="b">jm</subfield>
<subfield code="d">200806</subfield>
</datafield>
<datafield tag="945" ind1=" " ind2=" ">
<subfield code="a">D-62-42</subfield>
<subfield code="g">1</subfield>
<subfield code="l">100an</subfield>
<subfield code="n">DIGITALIZACION 2020</subfield>
<subfield code="o">d</subfield>
<subfield code="p">&amp;#x20ac;0.00</subfield>
<subfield code="q">-</subfield>
<subfield code="r">f</subfield>
<subfield code="s">-</subfield>
<subfield code="t">20</subfield>
<subfield code="u">0</subfield>
<subfield code="v">0</subfield>
<subfield code="w">0</subfield>
<subfield code="x">0</subfield>
<subfield code="y">.i22736372</subfield>
<subfield code="z">06-08-20</subfield>
</datafield>
<datafield tag="970" ind1=" " ind2=" ">
<subfield code="a">CCPB000056064-2</subfield>
</datafield>
<datafield tag="980" ind1=" " ind2=" ">
<subfield code="a">FH</subfield>
<subfield code="b">fondos</subfield>
</datafield>
<datafield tag="998" ind1=" " ind2=" ">
<subfield code="a">100</subfield>
<subfield code="b">06-08-20</subfield>
<subfield code="c">m</subfield>
<subfield code="d">a</subfield>
<subfield code="e">a</subfield>
<subfield code="f">lat</subfield>
<subfield code="g">sp</subfield>
<subfield code="h">0</subfield>
<subfield code="i">0</subfield>
</datafield>
</record>