
<record xmlns="http://www.loc.gov/MARC21/slim/"
xmlns:xsi="http://www.w3.org/2001/XMLSchema-instance"
xsi:schemaLocation="http://www.loc.gov/MARC21/slim
http://www.loc.gov/standards/marcxml/schema/MARC21slim.xsd">

<controlfield tag="008">140325s1646    sp a    r           spa</controlfield>
<datafield tag="FFT" ind1=" " ind2=" ">
<subfield code="a">http://biblos.unizar.es/zaguan/METS_MIGUEL/D_24_127/METS_carga_D_24_127.xml</subfield>
<subfield code="d">Fichero METS</subfield>
</datafield>
<datafield tag="FFT" ind1=" " ind2=" ">
<subfield code="a">http://biblos.unizar.es/zaguan/PDFS/D_24_127.pdf</subfield>
<subfield code="d">Texto completo (PDF)</subfield>
<subfield code="x">http://biblos.unizar.es/zaguan/thumbnails_miguel/D_24_127.jpg</subfield>
</datafield>
<datafield tag="037" ind1=" " ind2=" ">
<subfield code="a">D_24_127</subfield>
</datafield>
<datafield tag="040" ind1=" " ind2=" ">
<subfield code="a">SpMaBN</subfield>
<subfield code="d">UZ.GRL</subfield>
</datafield>
<datafield tag="100" ind1="1" ind2=" ">
<subfield code="a">Andrés de Uztárroz, Juan Francisco,</subfield>
<subfield code="d">1606-1653.</subfield>
</datafield>
<datafield tag="245" ind1="1" ind2="0">
<subfield code="a">Obelisco historico i honorario que ... Zaragoza erigio a la ... memoria del ... señor don Balthasar Carlos de Austria ... /</subfield>
<subfield code="c">escriuelo ... Iuan Francisco Andres ... [Oracion funebre en las exequias que ... Çaragoça hizo a la muerte de ... don Baltasar Carlos de Austria en la ... Iglesia metropolitana / por ... Pedro de Abella ... Contienda poetica que ... Zaragoza propuso a los ingenios españoles en el fallecimiento del ... señor don Balthasar Carlos de Austria ... / publicala el D. Iuan Francisco Andres ... ]</subfield>
</datafield>
<datafield tag="260" ind1=" " ind2=" ">
<subfield code="a">En Çaragoça :</subfield>
<subfield code="b">en el Hospital R. i G. de nuestra Señora de Gracia,</subfield>
<subfield code="c">1646.</subfield>
</datafield>
<datafield tag="300" ind1=" " ind2=" ">
<subfield code="a">[24], 206 p., [2] en bl., [1] h. de grab. pleg.; [2], 30 p.; 144 p. ;</subfield>
<subfield code="c">4º</subfield>
</datafield>
<datafield tag="506" ind1=" " ind2=" ">
<subfield code="a">Access copy available to the general public</subfield>
<subfield code="f">Unrestricted</subfield>
</datafield>
<datafield tag="540" ind1=" " ind2=" ">
<subfield code="a">by-nc-nd</subfield>
<subfield code="u">http://creativecommons.org/licenses/by-nc-nd/3.0/es/</subfield>
<subfield code="9">info:eu-repo/semantics/openAccess</subfield>
</datafield>
<datafield tag="596" ind1=" " ind2=" ">
<subfield code="a">Colofón en p. 206.</subfield>
</datafield>
<datafield tag="596" ind1=" " ind2=" ">
<subfield code="a">En port. de la "Oracion fúnebre", figura como impresor Diego Dormer.</subfield>
</datafield>
<datafield tag="597" ind1=" " ind2=" ">
<subfield code="a">Sign.: *-3*±4÷, A-Z±4÷, 2A-2C±4÷; A-D±4÷; A-S±4÷</subfield>
</datafield>
<datafield tag="600" ind1="1" ind2="4">
<subfield code="a">Austria, Baltasar Carlos de,</subfield>
<subfield code="c">Príncipe de Asturias,</subfield>
<subfield code="d">1629-1646.</subfield>
</datafield>
<datafield tag="655" ind1=" " ind2=" ">
<subfield code="a">Sermones fúnebres.</subfield>
</datafield>
<datafield tag="700" ind1="1" ind2=" ">
<subfield code="a">Abella, Pedro de,</subfield>
<subfield code="d">1824-1877</subfield>
<subfield code="t">Oración fúnebre en las exequias que... Çaragoça hizo a la muerte de.. don Baltasar Carlos de Austria en la... iglesia metropolitana.</subfield>
</datafield>
<datafield tag="710" ind1="2" ind2=" ">
<subfield code="a">Hospital Real y Provincial Nuestra Señora de Gracia (Zaragoza)</subfield>
</datafield>
<datafield tag="740" ind1="0" ind2=" ">
<subfield code="a">Contienda poética que ... Zaragoza propuso a los ingenios españoles en el fallecimiento del ... señor don Balthasar Carlos de Austria ...</subfield>
</datafield>
<datafield tag="752" ind1=" " ind2=" ">
<subfield code="a">España</subfield>
<subfield code="b">Aragón</subfield>
<subfield code="d">Zaragoza.</subfield>
</datafield>
<datafield tag="907" ind1=" " ind2=" ">
<subfield code="a">.b16903742</subfield>
<subfield code="b">01-07-20</subfield>
<subfield code="c">25-03-14</subfield>
</datafield>
<datafield tag="945" ind1=" " ind2=" ">
<subfield code="a">D-24-127</subfield>
<subfield code="g">0</subfield>
<subfield code="l">100an</subfield>
<subfield code="n">DIGITALIZACION 2020</subfield>
<subfield code="o">u</subfield>
<subfield code="p">&amp;#x20ac;0.00</subfield>
<subfield code="q">-</subfield>
<subfield code="r">f</subfield>
<subfield code="s">-</subfield>
<subfield code="t">20</subfield>
<subfield code="u">0</subfield>
<subfield code="v">0</subfield>
<subfield code="w">0</subfield>
<subfield code="x">0</subfield>
<subfield code="y">.i2076280x</subfield>
<subfield code="z">25-03-14</subfield>
</datafield>
<datafield tag="970" ind1=" " ind2=" ">
<subfield code="a">CCPB000032934-7</subfield>
</datafield>
<datafield tag="980" ind1=" " ind2=" ">
<subfield code="a">FH</subfield>
<subfield code="b">fondos</subfield>
</datafield>
<datafield tag="998" ind1=" " ind2=" ">
<subfield code="a">100</subfield>
<subfield code="b">25-03-14</subfield>
<subfield code="c">m</subfield>
<subfield code="d">a</subfield>
<subfield code="e">a</subfield>
<subfield code="f">spa</subfield>
<subfield code="g">sp</subfield>
<subfield code="h">0</subfield>
<subfield code="i">0</subfield>
</datafield>
</record>