
<record xmlns="http://www.loc.gov/MARC21/slim/"
xmlns:xsi="http://www.w3.org/2001/XMLSchema-instance"
xsi:schemaLocation="http://www.loc.gov/MARC21/slim
http://www.loc.gov/standards/marcxml/schema/MARC21slim.xsd">

<controlfield tag="008">190207s1640    sp a    r     ||| | spa d</controlfield>
<datafield tag="FFT" ind1=" " ind2=" ">
<subfield code="a">http://biblos.unizar.es/zaguan/METS_MIGUEL/D_83_145/METS_carga_D_83_145.xml</subfield>
<subfield code="d">Fichero METS</subfield>
</datafield>
<datafield tag="FFT" ind1=" " ind2=" ">
<subfield code="a">http://biblos.unizar.es/zaguan/PDFS/D_83_145.pdf</subfield>
<subfield code="d">Texto completo (PDF)</subfield>
<subfield code="x">http://biblos.unizar.es/zaguan/thumbnails_miguel/D_83_145.jpg</subfield>
</datafield>
<datafield tag="035" ind1=" " ind2=" ">
<subfield code="a">0100134072</subfield>
</datafield>
<datafield tag="037" ind1=" " ind2=" ">
<subfield code="a">D_83_145</subfield>
</datafield>
<datafield tag="040" ind1=" " ind2=" ">
<subfield code="a">AR</subfield>
<subfield code="b">spa</subfield>
<subfield code="c">PAB</subfield>
<subfield code="d">ES-ZaU</subfield>
<subfield code="e">rdc</subfield>
</datafield>
<datafield tag="100" ind1="1" ind2=" ">
<subfield code="a">Nieremberg, Juan Eusebio</subfield>
<subfield code="c">(S.I.),</subfield>
<subfield code="d">1595-1658.</subfield>
</datafield>
<datafield tag="245" ind1="1" ind2="0">
<subfield code="a">Aprecio y estima de la divina gracia que nos merecio el hijo de Dios con su preciosa sangre, y passion :</subfield>
<subfield code="b">tratado en cinco libros /</subfield>
<subfield code="c">por el P. Ivan Eusebio Nieremberg de la Compañia de Iesus.</subfield>
</datafield>
<datafield tag="250" ind1=" " ind2=" ">
<subfield code="a">Por los regidores del Hospital Real y General de nuestra señora de Gracia, de la ciudad de Çaragoça de cuya orden se ha impresso con Adiciones segunda vez.</subfield>
</datafield>
<datafield tag="260" ind1=" " ind2=" ">
<subfield code="a">En Çaragoça :</subfield>
<subfield code="b">en el mismo Hospital,</subfield>
<subfield code="c">1640.</subfield>
</datafield>
<datafield tag="300" ind1=" " ind2=" ">
<subfield code="a">[16], 591, [72] p. ;</subfield>
<subfield code="c">4º.</subfield>
</datafield>
<datafield tag="506" ind1=" " ind2=" ">
<subfield code="a">Access copy available to the general public</subfield>
<subfield code="f">Unrestricted</subfield>
</datafield>
<datafield tag="540" ind1=" " ind2=" ">
<subfield code="a">by-nc-nd</subfield>
<subfield code="u">http://creativecommons.org/licenses/by-nc-nd/3.0/es/</subfield>
<subfield code="9">info:eu-repo/semantics/openAccess</subfield>
</datafield>
<datafield tag="597" ind1=" " ind2=" ">
<subfield code="a">Sign.: [parágrafo]\p4\s, *\p4\s, A-Z\p8\s, 2A-2Q\p8\s, 2R\p6\s, [cruz]\p6\s, [calderón]\p8\s.</subfield>
</datafield>
<datafield tag="650" ind1=" " ind2=" ">
<subfield code="a">Teología dogmática.</subfield>
<subfield code="v">Obras anteriores a 1800.</subfield>
</datafield>
<datafield tag="700" ind1="1" ind2=" ">
<subfield code="a">Texidor, Andrés</subfield>
<subfield code="c">(O.S.A),</subfield>
<subfield code="e">ant pos.</subfield>
</datafield>
<datafield tag="710" ind1="2" ind2=" ">
<subfield code="a">Hospital Real y General de Nuestra Señora de Gracia (Zaragoza),</subfield>
<subfield code="e">imp.</subfield>
</datafield>
<datafield tag="752" ind1=" " ind2=" ">
<subfield code="a">España</subfield>
<subfield code="b">Aragón</subfield>
<subfield code="d">Zaragoza.</subfield>
</datafield>
<datafield tag="907" ind1=" " ind2=" ">
<subfield code="a">.b16952364</subfield>
<subfield code="b">26-08-20</subfield>
<subfield code="c">10-06-14</subfield>
</datafield>
<datafield tag="927" ind1="1" ind2=" ">
<subfield code="a">100</subfield>
<subfield code="b">xh</subfield>
<subfield code="d">190207</subfield>
</datafield>
<datafield tag="945" ind1=" " ind2=" ">
<subfield code="a">D-83-145</subfield>
<subfield code="g">1</subfield>
<subfield code="l">100an</subfield>
<subfield code="n">DIGITALIZACION 2020</subfield>
<subfield code="o">d</subfield>
<subfield code="p">&amp;#x20ac;0.00</subfield>
<subfield code="q">-</subfield>
<subfield code="r">f</subfield>
<subfield code="s">-</subfield>
<subfield code="t">20</subfield>
<subfield code="u">0</subfield>
<subfield code="v">0</subfield>
<subfield code="w">0</subfield>
<subfield code="x">0</subfield>
<subfield code="y">.i22747631</subfield>
<subfield code="z">25-08-20</subfield>
</datafield>
<datafield tag="970" ind1=" " ind2=" ">
<subfield code="a">CCPB000050516-1</subfield>
</datafield>
<datafield tag="980" ind1=" " ind2=" ">
<subfield code="a">FH</subfield>
<subfield code="b">fondos</subfield>
</datafield>
<datafield tag="998" ind1=" " ind2=" ">
<subfield code="a">100</subfield>
<subfield code="b">07-02-19</subfield>
<subfield code="c">m</subfield>
<subfield code="d">a</subfield>
<subfield code="e">a</subfield>
<subfield code="f">spa</subfield>
<subfield code="g">sp</subfield>
<subfield code="h">0</subfield>
<subfield code="i">2</subfield>
</datafield>
</record>