
<record xmlns="http://www.loc.gov/MARC21/slim/"
xmlns:xsi="http://www.w3.org/2001/XMLSchema-instance"
xsi:schemaLocation="http://www.loc.gov/MARC21/slim
http://www.loc.gov/standards/marcxml/schema/MARC21slim.xsd">

<controlfield tag="008">200821s1908    sp            000 0 spa d</controlfield>
<datafield tag="FFT" ind1=" " ind2=" ">
<subfield code="a">http://biblos.unizar.es/zaguan/METS_MIGUEL/H_14_147/METS_carga_H_14_147.xml</subfield>
<subfield code="d">Fichero METS</subfield>
</datafield>
<datafield tag="FFT" ind1=" " ind2=" ">
<subfield code="a">http://biblos.unizar.es/zaguan/PDFS/H_14_147.pdf</subfield>
<subfield code="d">Texto completo (PDF)</subfield>
<subfield code="x">http://biblos.unizar.es/zaguan/thumbnails_miguel/H_14_147.jpg</subfield>
</datafield>
<datafield tag="037" ind1=" " ind2=" ">
<subfield code="a">H_14_147</subfield>
</datafield>
<datafield tag="040" ind1=" " ind2=" ">
<subfield code="a">ES-MaCSI</subfield>
<subfield code="b">spa</subfield>
<subfield code="c">VL</subfield>
<subfield code="d">ES-ZaU</subfield>
</datafield>
<datafield tag="100" ind1="1" ind2=" ">
<subfield code="a">Salillas, Rafael,</subfield>
<subfield code="d">1855-1923.</subfield>
</datafield>
<datafield tag="245" ind1="1" ind2="3">
<subfield code="a">El tatuage [sic] en su evolución histórica, en sus diferentes caracterizaciones antiguas y actuales y en los delincuentes franceses, italianos y españoles/</subfield>
<subfield code="c">por Rafael Salillas.</subfield>
</datafield>
<datafield tag="260" ind1=" " ind2=" ">
<subfield code="a">Madrid :</subfield>
<subfield code="b">[s.n.],</subfield>
<subfield code="c">1908</subfield>
<subfield code="f">(Imp. de Eduardo Arias)</subfield>
</datafield>
<datafield tag="300" ind1=" " ind2=" ">
<subfield code="a">201 p. ;</subfield>
<subfield code="c">23 cm.</subfield>
</datafield>
<datafield tag="506" ind1=" " ind2=" ">
<subfield code="a">Access copy available to the general public</subfield>
<subfield code="f">Unrestricted</subfield>
</datafield>
<datafield tag="540" ind1=" " ind2=" ">
<subfield code="a">by-nc-nd</subfield>
<subfield code="u">http://creativecommons.org/licenses/by-nc-nd/3.0/es/</subfield>
<subfield code="9">info:eu-repo/semantics/openAccess</subfield>
</datafield>
<datafield tag="650" ind1="0" ind2="4">
<subfield code="a">Tatuajes.</subfield>
</datafield>
<datafield tag="830" ind1=" " ind2="0">
<subfield code="a">Publicaciones de la Revista Penitenciaria.</subfield>
</datafield>
<datafield tag="907" ind1=" " ind2=" ">
<subfield code="a">.b20384853</subfield>
<subfield code="b">26-08-20</subfield>
<subfield code="c">21-08-20</subfield>
</datafield>
<datafield tag="927" ind1="1" ind2=" ">
<subfield code="a">100</subfield>
<subfield code="b">pm</subfield>
<subfield code="d">200821</subfield>
</datafield>
<datafield tag="945" ind1=" " ind2=" ">
<subfield code="a">H-14-147</subfield>
<subfield code="g">1</subfield>
<subfield code="l">100an</subfield>
<subfield code="n">DIGITALIZACION 2020</subfield>
<subfield code="o">d</subfield>
<subfield code="p">&amp;#x20ac;0.00</subfield>
<subfield code="q">-</subfield>
<subfield code="r">f</subfield>
<subfield code="s">-</subfield>
<subfield code="t">20</subfield>
<subfield code="u">0</subfield>
<subfield code="v">0</subfield>
<subfield code="w">0</subfield>
<subfield code="x">0</subfield>
<subfield code="y">.i22746432</subfield>
<subfield code="z">21-08-20</subfield>
</datafield>
<datafield tag="970" ind1=" " ind2=" ">
<subfield code="a">on990008148180204201</subfield>
</datafield>
<datafield tag="980" ind1=" " ind2=" ">
<subfield code="a">FH</subfield>
<subfield code="b">fondos-xx</subfield>
</datafield>
<datafield tag="998" ind1=" " ind2=" ">
<subfield code="a">100</subfield>
<subfield code="b">21-08-20</subfield>
<subfield code="c">m</subfield>
<subfield code="d">a</subfield>
<subfield code="e">-</subfield>
<subfield code="f">spa</subfield>
<subfield code="g">sp</subfield>
<subfield code="h">3</subfield>
<subfield code="i">0</subfield>
</datafield>
</record>