
<record xmlns="http://www.loc.gov/MARC21/slim/"
xmlns:xsi="http://www.w3.org/2001/XMLSchema-instance"
xsi:schemaLocation="http://www.loc.gov/MARC21/slim
http://www.loc.gov/standards/marcxml/schema/MARC21slim.xsd">

<controlfield tag="008">190201q1903    sp      r           spa</controlfield>
<datafield tag="FFT" ind1=" " ind2=" ">
<subfield code="a">http://biblos.unizar.es/zaguan/METS_MIGUEL/G_15_259/METS_carga_G_15_259.xml</subfield>
<subfield code="d">Fichero METS</subfield>
</datafield>
<datafield tag="FFT" ind1=" " ind2=" ">
<subfield code="a">http://biblos.unizar.es/zaguan/PDFS/G_15_259.pdf</subfield>
<subfield code="d">Texto completo (PDF)</subfield>
<subfield code="x">http://biblos.unizar.es/zaguan/thumbnails_miguel/G_15_259.jpg</subfield>
</datafield>
<datafield tag="037" ind1=" " ind2=" ">
<subfield code="a">G_15_259</subfield>
</datafield>
<datafield tag="040" ind1=" " ind2=" ">
<subfield code="a">SpMaBN</subfield>
<subfield code="b">spa</subfield>
<subfield code="c">CDM</subfield>
<subfield code="d">ES-ZaU</subfield>
</datafield>
<datafield tag="100" ind1="1" ind2=" ">
<subfield code="a">Turmo Baselga, Mariano,</subfield>
<subfield code="d">ca.1865-ca.1909.</subfield>
</datafield>
<datafield tag="245" ind1="1" ind2="3">
<subfield code="a">Un drama en Antigua /</subfield>
<subfield code="c">M. Turmo.</subfield>
</datafield>
<datafield tag="260" ind1=" " ind2=" ">
<subfield code="a">Barcelona</subfield>
<subfield code="b">La Vida Literaria</subfield>
<subfield code="c">[s.a.]</subfield>
<subfield code="f">Tip. Anuario de la Exportación.</subfield>
</datafield>
<datafield tag="300" ind1=" " ind2=" ">
<subfield code="a">123 p., 1 h. ;</subfield>
<subfield code="c">8º mlla. (18 cm)</subfield>
</datafield>
<datafield tag="506" ind1=" " ind2=" ">
<subfield code="a">Access copy available to the general public</subfield>
<subfield code="f">Unrestricted</subfield>
</datafield>
<datafield tag="540" ind1=" " ind2=" ">
<subfield code="a">by-nc-nd</subfield>
<subfield code="u">http://creativecommons.org/licenses/by-nc-nd/3.0/es/</subfield>
<subfield code="9">info:eu-repo/semantics/openAccess</subfield>
</datafield>
<datafield tag="907" ind1=" " ind2=" ">
<subfield code="a">.b20063398</subfield>
<subfield code="b">26-08-20</subfield>
<subfield code="c">01-02-19</subfield>
</datafield>
<datafield tag="927" ind1="0" ind2=" ">
<subfield code="a">100</subfield>
<subfield code="b">pm</subfield>
<subfield code="d">190201</subfield>
</datafield>
<datafield tag="945" ind1=" " ind2=" ">
<subfield code="a">G-15-259</subfield>
<subfield code="g">1</subfield>
<subfield code="i">3211515078</subfield>
<subfield code="l">100d</subfield>
<subfield code="n">DIGITALIZACION 2020</subfield>
<subfield code="o">a</subfield>
<subfield code="p">&amp;#x20ac;0.00</subfield>
<subfield code="q">-</subfield>
<subfield code="r">c</subfield>
<subfield code="s">-</subfield>
<subfield code="t">11</subfield>
<subfield code="u">0</subfield>
<subfield code="v">0</subfield>
<subfield code="w">0</subfield>
<subfield code="x">0</subfield>
<subfield code="y">.i22362629</subfield>
<subfield code="z">01-02-19</subfield>
</datafield>
<datafield tag="970" ind1=" " ind2=" ">
<subfield code="a">ocm00004472</subfield>
</datafield>
<datafield tag="980" ind1=" " ind2=" ">
<subfield code="a">FH</subfield>
<subfield code="b">fondos-xx</subfield>
</datafield>
<datafield tag="998" ind1=" " ind2=" ">
<subfield code="a">100</subfield>
<subfield code="b">01-02-19</subfield>
<subfield code="c">m</subfield>
<subfield code="d">a</subfield>
<subfield code="e">-</subfield>
<subfield code="f">spa</subfield>
<subfield code="g">sp</subfield>
<subfield code="h">3</subfield>
<subfield code="i">0</subfield>
</datafield>
</record>