
<record xmlns="http://www.loc.gov/MARC21/slim/"
xmlns:xsi="http://www.w3.org/2001/XMLSchema-instance"
xsi:schemaLocation="http://www.loc.gov/MARC21/slim
http://www.loc.gov/standards/marcxml/schema/MARC21slim.xsd">

<controlfield tag="008">140521s1905    sp     |r|||| 000 0 spa</controlfield>
<datafield tag="FFT" ind1=" " ind2=" ">
<subfield code="a">http://biblos.unizar.es/zaguan/METS_MIGUEL/CAJ_169_4768ar/METS_carga_CAJ_169_4768ar.xml</subfield>
<subfield code="d">Fichero METS</subfield>
</datafield>
<datafield tag="FFT" ind1=" " ind2=" ">
<subfield code="a">http://biblos.unizar.es/zaguan/PDFS/CAJ_169_4768ar.pdf</subfield>
<subfield code="d">Texto completo (PDF)</subfield>
<subfield code="x">http://biblos.unizar.es/zaguan/thumbnails_miguel/CAJ_169_4768ar.jpg</subfield>
</datafield>
<datafield tag="035" ind1=" " ind2=" ">
<subfield code="a">(OCoLC)776423482</subfield>
</datafield>
<datafield tag="037" ind1=" " ind2=" ">
<subfield code="a">CAJ_169_4768ar</subfield>
</datafield>
<datafield tag="040" ind1=" " ind2=" ">
<subfield code="a">SpMaBN</subfield>
<subfield code="d">UZ.HUM.H</subfield>
</datafield>
<datafield tag="080" ind1=" " ind2=" ">
<subfield code="a">908(460)</subfield>
</datafield>
<datafield tag="100" ind1="1" ind2=" ">
<subfield code="a">Mallada, Lucas,</subfield>
<subfield code="d">1841-1921.</subfield>
</datafield>
<datafield tag="245" ind1="1" ind2="0">
<subfield code="a">Cartas aragonesas dedicadas a S.M. el rey don Alfonso XIII.</subfield>
<subfield code="c">por L. Mallada.</subfield>
<subfield code="p">Cuaderno 1o. /</subfield>
</datafield>
<datafield tag="260" ind1=" " ind2=" ">
<subfield code="a">[S.l.] :</subfield>
<subfield code="b">[s.n.],</subfield>
<subfield code="c">1905</subfield>
<subfield code="e">Madrid</subfield>
<subfield code="f">Estab. tip. de la Viuda e Hijos de M. Tello.</subfield>
</datafield>
<datafield tag="300" ind1=" " ind2=" ">
<subfield code="a">80 p. ;</subfield>
<subfield code="c">26 cm.</subfield>
</datafield>
<datafield tag="506" ind1=" " ind2=" ">
<subfield code="a">Access copy available to the general public</subfield>
<subfield code="f">Unrestricted</subfield>
</datafield>
<datafield tag="540" ind1=" " ind2=" ">
<subfield code="a">by-nc-nd</subfield>
<subfield code="u">http://creativecommons.org/licenses/by-nc-nd/3.0/es/</subfield>
<subfield code="9">info:eu-repo/semantics/openAccess</subfield>
</datafield>
<datafield tag="651" ind1=" " ind2="4">
<subfield code="a">España</subfield>
<subfield code="x">Descripción.</subfield>
</datafield>
<datafield tag="907" ind1=" " ind2=" ">
<subfield code="a">.b16934891</subfield>
<subfield code="b">26-08-20</subfield>
<subfield code="c">21-05-14</subfield>
</datafield>
<datafield tag="945" ind1=" " ind2=" ">
<subfield code="a">CAJ 169-4768ar</subfield>
<subfield code="g">1</subfield>
<subfield code="i">321048016X</subfield>
<subfield code="l">100d</subfield>
<subfield code="n">DIGITALIZACION 2020</subfield>
<subfield code="n">Ejemplar intonso</subfield>
<subfield code="n">Expuesto en: "Lucas Mallada: un geólogo revolucionario" Dic. 2016-Feb. 2017</subfield>
<subfield code="n">Donación BUZ, retirado de la sucursal 670</subfield>
<subfield code="o">d</subfield>
<subfield code="p">&amp;#x20ac;0.00</subfield>
<subfield code="q">-</subfield>
<subfield code="r">c</subfield>
<subfield code="s">-</subfield>
<subfield code="t">11</subfield>
<subfield code="u">1</subfield>
<subfield code="v">1</subfield>
<subfield code="w">0</subfield>
<subfield code="x">0</subfield>
<subfield code="y">.i20812929</subfield>
<subfield code="z">21-05-14</subfield>
</datafield>
<datafield tag="970" ind1=" " ind2=" ">
<subfield code="a">a5013414</subfield>
</datafield>
<datafield tag="980" ind1=" " ind2=" ">
<subfield code="a">FH</subfield>
<subfield code="b">fondos-xx</subfield>
</datafield>
<datafield tag="998" ind1=" " ind2=" ">
<subfield code="a">100</subfield>
<subfield code="a">(3)670</subfield>
<subfield code="b">21-05-14</subfield>
<subfield code="c">m</subfield>
<subfield code="d">a</subfield>
<subfield code="e">-</subfield>
<subfield code="f">spa</subfield>
<subfield code="g">sp</subfield>
<subfield code="h">0</subfield>
<subfield code="i">4</subfield>
</datafield>
</record>