
<record xmlns="http://www.loc.gov/MARC21/slim/"
xmlns:xsi="http://www.w3.org/2001/XMLSchema-instance"
xsi:schemaLocation="http://www.loc.gov/MARC21/slim
http://www.loc.gov/standards/marcxml/schema/MARC21slim.xsd">

<controlfield tag="008">010313s1897    sp      r     000 j spa d</controlfield>
<datafield tag="FFT" ind1=" " ind2=" ">
<subfield code="a">http://biblos.unizar.es/zaguan/METS_MIGUEL/D_83_234/METS_carga_D_83_234.xml</subfield>
<subfield code="d">Fichero METS</subfield>
</datafield>
<datafield tag="FFT" ind1=" " ind2=" ">
<subfield code="a">http://biblos.unizar.es/zaguan/PDFS/D_83_234.pdf</subfield>
<subfield code="d">Texto completo (PDF)</subfield>
<subfield code="x">http://biblos.unizar.es/zaguan/thumbnails_miguel/D_83_234.jpg</subfield>
</datafield>
<datafield tag="037" ind1=" " ind2=" ">
<subfield code="a">D_83_234</subfield>
</datafield>
<datafield tag="040" ind1=" " ind2=" ">
<subfield code="a">UZ.FL</subfield>
</datafield>
<datafield tag="080" ind1=" " ind2=" ">
<subfield code="a">821.134.2 Baselga y Ramírez, Mariano</subfield>
</datafield>
<datafield tag="080" ind1=" " ind2=" ">
<subfield code="a">821.134.2-3"18/19"</subfield>
</datafield>
<datafield tag="100" ind1="1" ind2=" ">
<subfield code="a">Baselga y Ramírez, Mariano,</subfield>
<subfield code="d">1865-1938.</subfield>
</datafield>
<datafield tag="245" ind1="1" ind2="0">
<subfield code="a">Cuentos de la era /</subfield>
<subfield code="c">M. Baselga y Ramírez.</subfield>
</datafield>
<datafield tag="260" ind1=" " ind2=" ">
<subfield code="a">Zaragoza :</subfield>
<subfield code="b">Librería de Cecilio Gasca,</subfield>
<subfield code="c">1897.</subfield>
</datafield>
<datafield tag="300" ind1=" " ind2=" ">
<subfield code="a">230 p. ;</subfield>
<subfield code="c">20 cm.</subfield>
</datafield>
<datafield tag="505" ind1="0" ind2=" ">
<subfield code="a">Contiene: La María ; El Negro y el ordinario ; Las brujas ; La experiencia ; El buen ladrón ; La reina mora ; El perro del gaitero ; El milagro.</subfield>
</datafield>
<datafield tag="506" ind1=" " ind2=" ">
<subfield code="a">Access copy available to the general public</subfield>
<subfield code="f">Unrestricted</subfield>
</datafield>
<datafield tag="540" ind1=" " ind2=" ">
<subfield code="a">by-nc-nd</subfield>
<subfield code="u">http://creativecommons.org/licenses/by-nc-nd/3.0/es/</subfield>
<subfield code="9">info:eu-repo/semantics/openAccess</subfield>
</datafield>
<datafield tag="740" ind1="3" ind2=" ">
<subfield code="a">La María.</subfield>
</datafield>
<datafield tag="740" ind1="3" ind2=" ">
<subfield code="a">El Negro y el ordinario.</subfield>
</datafield>
<datafield tag="740" ind1="3" ind2=" ">
<subfield code="a">La experiencia.</subfield>
</datafield>
<datafield tag="740" ind1="3" ind2=" ">
<subfield code="a">El buen ladrón.</subfield>
</datafield>
<datafield tag="740" ind1="3" ind2=" ">
<subfield code="a">La reina mora.</subfield>
</datafield>
<datafield tag="740" ind1="3" ind2=" ">
<subfield code="a">El perro del gaitero.</subfield>
</datafield>
<datafield tag="740" ind1="3" ind2=" ">
<subfield code="a">El milagro.</subfield>
</datafield>
<datafield tag="740" ind1="4" ind2=" ">
<subfield code="a">Las brujas.</subfield>
</datafield>
<datafield tag="907" ind1=" " ind2=" ">
<subfield code="a">.b13029411</subfield>
<subfield code="b">26-08-20</subfield>
<subfield code="c">07-10-02</subfield>
</datafield>
<datafield tag="907" ind1="0" ind2="0">
<subfield code="a">m</subfield>
<subfield code="c">a</subfield>
<subfield code="d">m</subfield>
<subfield code="e">0</subfield>
<subfield code="f">f7</subfield>
<subfield code="g">010319</subfield>
<subfield code="h">1</subfield>
<subfield code="i">010313</subfield>
</datafield>
<datafield tag="945" ind1=" " ind2=" ">
<subfield code="a">D-83-234</subfield>
<subfield code="g">1</subfield>
<subfield code="l">100d</subfield>
<subfield code="n">DIGITALIZACION 2020</subfield>
<subfield code="o">d</subfield>
<subfield code="p">&amp;#x20ac;0.00</subfield>
<subfield code="r">c</subfield>
<subfield code="s">-</subfield>
<subfield code="t">11</subfield>
<subfield code="u">0</subfield>
<subfield code="v">0</subfield>
<subfield code="w">0</subfield>
<subfield code="x">0</subfield>
<subfield code="y">.i22746390</subfield>
<subfield code="z">21-08-20</subfield>
</datafield>
<datafield tag="970" ind1=" " ind2=" ">
<subfield code="a">x320813206</subfield>
</datafield>
<datafield tag="980" ind1=" " ind2=" ">
<subfield code="a">FH</subfield>
<subfield code="b">fondos</subfield>
</datafield>
<datafield tag="998" ind1=" " ind2=" ">
<subfield code="a">120</subfield>
<subfield code="a">100</subfield>
<subfield code="b">04-10-02</subfield>
<subfield code="c">m</subfield>
<subfield code="d">a</subfield>
<subfield code="e">-</subfield>
<subfield code="f">spa</subfield>
<subfield code="g">sp</subfield>
<subfield code="h">0</subfield>
<subfield code="i">1</subfield>
</datafield>
</record>