
<record xmlns="http://www.loc.gov/MARC21/slim/"
xmlns:xsi="http://www.w3.org/2001/XMLSchema-instance"
xsi:schemaLocation="http://www.loc.gov/MARC21/slim
http://www.loc.gov/standards/marcxml/schema/MARC21slim.xsd">

<controlfield tag="008">150203s1900    sp      r     000 0 spa d</controlfield>
<datafield tag="FFT" ind1=" " ind2=" ">
<subfield code="a">http://biblos.unizar.es/zaguan/METS_MIGUEL/Foll_1748/METS_carga_Foll_1748.xml</subfield>
<subfield code="d">Fichero METS</subfield>
</datafield>
<datafield tag="FFT" ind1=" " ind2=" ">
<subfield code="a">http://biblos.unizar.es/zaguan/PDFS/Foll_1748.pdf</subfield>
<subfield code="d">Texto completo (PDF)</subfield>
<subfield code="x">http://biblos.unizar.es/zaguan/thumbnails_miguel/Foll_1748.jpg</subfield>
</datafield>
<datafield tag="037" ind1=" " ind2=" ">
<subfield code="a">Foll_1748</subfield>
</datafield>
<datafield tag="040" ind1=" " ind2=" ">
<subfield code="a">ES-ZaU</subfield>
</datafield>
<datafield tag="080" ind1=" " ind2=" ">
<subfield code="a">061.75Cerbuna y del Negro, Pedro</subfield>
</datafield>
<datafield tag="100" ind1="1" ind2=" ">
<subfield code="a">Jardiel, Florencio,</subfield>
<subfield code="d">1844-1931.</subfield>
</datafield>
<datafield tag="245" ind1="1" ind2="0">
<subfield code="a">Elogio fúnebre del ilustrisimo señor Don Pedro Cerbuna y del Negro :</subfield>
<subfield code="b">que en las solemnes honras celebradas en sufragio de su alma el día 17 de octubre de 1893 por la Universidad Literaria de Zaragoza, pronunció en el templo Metropolitano del Salvador de dicha Ciudad el canónigo /</subfield>
<subfield code="c">Florencio Jardiel.</subfield>
</datafield>
<datafield tag="260" ind1=" " ind2=" ">
<subfield code="a">[S.l.] :</subfield>
<subfield code="b">[s.n.],</subfield>
<subfield code="c">1900</subfield>
<subfield code="e">(Valladolid :</subfield>
<subfield code="f">Imp. y Lib. católica de José Manuel de la Cuesta)</subfield>
</datafield>
<datafield tag="300" ind1=" " ind2=" ">
<subfield code="a">21 p. ;</subfield>
<subfield code="c">24 cm.</subfield>
</datafield>
<datafield tag="506" ind1=" " ind2=" ">
<subfield code="a">Access copy available to the general public</subfield>
<subfield code="f">Unrestricted</subfield>
</datafield>
<datafield tag="540" ind1=" " ind2=" ">
<subfield code="a">by-nc-nd</subfield>
<subfield code="u">http://creativecommons.org/licenses/by-nc-nd/3.0/es/</subfield>
<subfield code="9">info:eu-repo/semantics/openAccess</subfield>
</datafield>
<datafield tag="600" ind1="1" ind2="4">
<subfield code="a">Cerbuna, Pedro,</subfield>
<subfield code="d">1538-1597.</subfield>
</datafield>
<datafield tag="907" ind1=" " ind2=" ">
<subfield code="a">.b17105882</subfield>
<subfield code="b">26-08-20</subfield>
<subfield code="c">03-02-15</subfield>
</datafield>
<datafield tag="945" ind1=" " ind2=" ">
<subfield code="a">Foll 1748</subfield>
<subfield code="g">1</subfield>
<subfield code="l">100d</subfield>
<subfield code="n">DIGITALIZACION 2020</subfield>
<subfield code="o">d</subfield>
<subfield code="p">&amp;#x20ac;0.00</subfield>
<subfield code="r">c</subfield>
<subfield code="s">-</subfield>
<subfield code="t">11</subfield>
<subfield code="u">0</subfield>
<subfield code="v">0</subfield>
<subfield code="w">0</subfield>
<subfield code="x">0</subfield>
<subfield code="y">.i22746407</subfield>
<subfield code="z">21-08-20</subfield>
</datafield>
<datafield tag="970" ind1=" " ind2=" ">
<subfield code="a">Foll_1748</subfield>
</datafield>
<datafield tag="980" ind1=" " ind2=" ">
<subfield code="a">FH</subfield>
<subfield code="b">fondos-xx</subfield>
</datafield>
<datafield tag="998" ind1=" " ind2=" ">
<subfield code="a">310</subfield>
<subfield code="a">510</subfield>
<subfield code="a">100</subfield>
<subfield code="b">03-02-15</subfield>
<subfield code="c">m</subfield>
<subfield code="d">a</subfield>
<subfield code="e">-</subfield>
<subfield code="f">spa</subfield>
<subfield code="g">sp</subfield>
<subfield code="h">0</subfield>
<subfield code="i">0</subfield>
</datafield>
</record>