
<record xmlns="http://www.loc.gov/MARC21/slim/"
xmlns:xsi="http://www.w3.org/2001/XMLSchema-instance"
xsi:schemaLocation="http://www.loc.gov/MARC21/slim
http://www.loc.gov/standards/marcxml/schema/MARC21slim.xsd">

<controlfield tag="008">000112s1898    sp a    r     001   spa d</controlfield>
<datafield tag="FFT" ind1=" " ind2=" ">
<subfield code="a">http://biblos.unizar.es/zaguan/METS_MIGUEL/D_22_68/METS_carga_D_22_68.xml</subfield>
<subfield code="d">Fichero METS</subfield>
</datafield>
<datafield tag="FFT" ind1=" " ind2=" ">
<subfield code="a">http://biblos.unizar.es/zaguan/PDFS/D_22_68.pdf</subfield>
<subfield code="d">Texto completo (PDF)</subfield>
<subfield code="x">http://biblos.unizar.es/zaguan/thumbnails_miguel/D_22_68.jpg</subfield>
</datafield>
<datafield tag="037" ind1=" " ind2=" ">
<subfield code="a">D_22_68</subfield>
</datafield>
<datafield tag="040" ind1=" " ind2=" ">
<subfield code="a">UZ.GRL</subfield>
</datafield>
<datafield tag="100" ind1="1" ind2=" ">
<subfield code="a">Taboada Cabañero, Eduardo Jesús.</subfield>
</datafield>
<datafield tag="245" ind1="1" ind2="0">
<subfield code="a">Mesa revuelta :</subfield>
<subfield code="b">apuntes de Alcañiz /</subfield>
<subfield code="c">por Eduardo Jesús Taboada Cabañero ; dibujos de Macario Royo ; fotografías de Sabino Pelegrín ; fotograbados de Thomas y Prieto.</subfield>
</datafield>
<datafield tag="260" ind1=" " ind2=" ">
<subfield code="a">Zaragoza :</subfield>
<subfield code="b">[s.n.],</subfield>
<subfield code="c">1898</subfield>
<subfield code="f">(Estab. tip. de La Derecha)</subfield>
</datafield>
<datafield tag="300" ind1=" " ind2=" ">
<subfield code="a">VIII, 413 p. :</subfield>
<subfield code="b">il. ;</subfield>
<subfield code="c">25 cm.</subfield>
</datafield>
<datafield tag="500" ind1=" " ind2=" ">
<subfield code="a">Índices.</subfield>
</datafield>
<datafield tag="506" ind1=" " ind2=" ">
<subfield code="a">Access copy available to the general public</subfield>
<subfield code="f">Unrestricted</subfield>
</datafield>
<datafield tag="540" ind1=" " ind2=" ">
<subfield code="a">by-nc-nd</subfield>
<subfield code="u">http://creativecommons.org/licenses/by-nc-nd/3.0/es/</subfield>
<subfield code="9">info:eu-repo/semantics/openAccess</subfield>
</datafield>
<datafield tag="700" ind1="1" ind2=" ">
<subfield code="a">Royo, Macario,</subfield>
<subfield code="e">il.</subfield>
</datafield>
<datafield tag="907" ind1=" " ind2=" ">
<subfield code="a">.b12855637</subfield>
<subfield code="b">26-08-20</subfield>
<subfield code="c">07-10-02</subfield>
</datafield>
<datafield tag="907" ind1="0" ind2="0">
<subfield code="a">m</subfield>
<subfield code="c">a</subfield>
<subfield code="d">m</subfield>
<subfield code="e">0</subfield>
<subfield code="f">c3</subfield>
<subfield code="g">020911</subfield>
<subfield code="h">1</subfield>
<subfield code="i">000112</subfield>
</datafield>
<datafield tag="945" ind1=" " ind2=" ">
<subfield code="a">D 22 68</subfield>
<subfield code="g">1</subfield>
<subfield code="i">3203373616</subfield>
<subfield code="l">100d</subfield>
<subfield code="n">DIGITALIZACION 2020</subfield>
<subfield code="o">u</subfield>
<subfield code="p">&amp;#x20ac;0.00</subfield>
<subfield code="q">-</subfield>
<subfield code="r">c</subfield>
<subfield code="s">-</subfield>
<subfield code="t">11</subfield>
<subfield code="u">0</subfield>
<subfield code="v">0</subfield>
<subfield code="w">0</subfield>
<subfield code="x">0</subfield>
<subfield code="y">.i14408211</subfield>
<subfield code="z">07-10-02</subfield>
</datafield>
<datafield tag="970" ind1=" " ind2=" ">
<subfield code="a">x320617628</subfield>
</datafield>
<datafield tag="980" ind1=" " ind2=" ">
<subfield code="a">FH</subfield>
<subfield code="b">fondos</subfield>
</datafield>
<datafield tag="998" ind1=" " ind2=" ">
<subfield code="a">580</subfield>
<subfield code="a">100</subfield>
<subfield code="b">04-10-02</subfield>
<subfield code="c">m</subfield>
<subfield code="d">a</subfield>
<subfield code="e">-</subfield>
<subfield code="f">spa</subfield>
<subfield code="g">sp</subfield>
<subfield code="h">0</subfield>
<subfield code="i">2</subfield>
</datafield>
</record>