
<record xmlns="http://www.loc.gov/MARC21/slim/"
xmlns:xsi="http://www.w3.org/2001/XMLSchema-instance"
xsi:schemaLocation="http://www.loc.gov/MARC21/slim
http://www.loc.gov/standards/marcxml/schema/MARC21slim.xsd">

<controlfield tag="008">000111m18901891sp a    r     000 0 spa d</controlfield>
<datafield tag="FFT" ind1=" " ind2=" ">
<subfield code="a">http://biblos.unizar.es/zaguan/METS_MIGUEL/D_22_50/METS_carga_D_22_50.xml</subfield>
<subfield code="d">Fichero METS</subfield>
</datafield>
<datafield tag="FFT" ind1=" " ind2=" ">
<subfield code="a">http://biblos.unizar.es/zaguan/PDFS/D_22_50.pdf</subfield>
<subfield code="d">Texto completo (PDF)</subfield>
<subfield code="x">http://biblos.unizar.es/zaguan/thumbnails_miguel/D_22_50.jpg</subfield>
</datafield>
<datafield tag="037" ind1=" " ind2=" ">
<subfield code="a">D_22_50</subfield>
</datafield>
<datafield tag="040" ind1=" " ind2=" ">
<subfield code="a">UZ.GRL</subfield>
</datafield>
<datafield tag="100" ind1="1" ind2=" ">
<subfield code="a">Gascón de Gotor, Anselmo.</subfield>
</datafield>
<datafield tag="245" ind1="1" ind2="0">
<subfield code="a">Zaragoza artística, monumental e histórica /</subfield>
<subfield code="c">por Anselmo y Pedro Gascón de Gotor ; ilustrada con una alegoría composición del eminente Marcelino de Unceta ... ; grabados directos de Thomas, Joarizti Mairezcurrena y Laporta ...</subfield>
</datafield>
<datafield tag="260" ind1=" " ind2=" ">
<subfield code="a">Zaragoza :</subfield>
<subfield code="b">[s.n.],</subfield>
<subfield code="c">1890-1891</subfield>
<subfield code="f">(Imp. de C. Ariño)</subfield>
</datafield>
<datafield tag="300" ind1=" " ind2=" ">
<subfield code="a">2 v. lám. :</subfield>
<subfield code="b">il. ;</subfield>
<subfield code="c">28 cm.</subfield>
</datafield>
<datafield tag="505" ind1="0" ind2=" ">
<subfield code="a">Contiene: t. I - t. II.</subfield>
</datafield>
<datafield tag="506" ind1=" " ind2=" ">
<subfield code="a">Access copy available to the general public</subfield>
<subfield code="f">Unrestricted</subfield>
</datafield>
<datafield tag="540" ind1=" " ind2=" ">
<subfield code="a">by-nc-nd</subfield>
<subfield code="u">http://creativecommons.org/licenses/by-nc-nd/3.0/es/</subfield>
<subfield code="9">info:eu-repo/semantics/openAccess</subfield>
</datafield>
<datafield tag="700" ind1="1" ind2=" ">
<subfield code="a">Unceta y López, Marcelino de,</subfield>
<subfield code="d">1835-1905.</subfield>
</datafield>
<datafield tag="700" ind1="1" ind2=" ">
<subfield code="a">Gascón de Gotor, Pedro.</subfield>
</datafield>
<datafield tag="907" ind1=" " ind2=" ">
<subfield code="a">.b12854517</subfield>
<subfield code="b">26-08-20</subfield>
<subfield code="c">07-10-02</subfield>
</datafield>
<datafield tag="907" ind1="0" ind2="0">
<subfield code="a">m</subfield>
<subfield code="c">a</subfield>
<subfield code="d">m</subfield>
<subfield code="e">0</subfield>
<subfield code="f">c3</subfield>
<subfield code="g">000111</subfield>
<subfield code="h">1</subfield>
<subfield code="i">000111</subfield>
</datafield>
<datafield tag="945" ind1=" " ind2=" ">
<subfield code="a">D 22 50</subfield>
<subfield code="c">Vol. 1</subfield>
<subfield code="g">1</subfield>
<subfield code="i">3203401181</subfield>
<subfield code="l">100d</subfield>
<subfield code="n">DIGITALIZACION 2020</subfield>
<subfield code="o">u</subfield>
<subfield code="p">&amp;#x20ac;0.00</subfield>
<subfield code="q">-</subfield>
<subfield code="r">c</subfield>
<subfield code="s">-</subfield>
<subfield code="t">11</subfield>
<subfield code="u">0</subfield>
<subfield code="v">0</subfield>
<subfield code="w">0</subfield>
<subfield code="x">0</subfield>
<subfield code="y">.i14406639</subfield>
<subfield code="z">07-10-02</subfield>
</datafield>
<datafield tag="970" ind1=" " ind2=" ">
<subfield code="a">x320616346</subfield>
</datafield>
<datafield tag="980" ind1=" " ind2=" ">
<subfield code="a">FH</subfield>
<subfield code="b">fondos</subfield>
</datafield>
<datafield tag="998" ind1=" " ind2=" ">
<subfield code="a">(2)120</subfield>
<subfield code="a">(2)100</subfield>
<subfield code="b">04-10-02</subfield>
<subfield code="c">m</subfield>
<subfield code="d">a</subfield>
<subfield code="e">-</subfield>
<subfield code="f">spa</subfield>
<subfield code="g">sp</subfield>
<subfield code="h">0</subfield>
<subfield code="i">4</subfield>
</datafield>
</record>